2040 3644
275 247 555 338 canona
606 246 671 355 V.
738 255 843 346 'rod

8 447 9 452 η
90 407 149 462 llle
161 407 353 461 Cheruscorum
362 407 449 462 redon
458 408 604 461 Fridericus
617 423 733 462 atrocem

7 557 16 590 ,ὲ
93 504 247 556 Fortunam
256 503 285 555 in
295 503 393 557 vinclis
402 503 663 575 gemuit,sintilique
672 505 811 574 Philippus

7 643 17 686 'u
95 597 243 652 Haffotum
251 600 387 652 Dominus
398 602 498 652 collum
507 599 669 654 inttadlab'tle
679 602 734 654 sato

15 743 19 753 ,
96 695 238 760 Subdidit,
252 695 351 748 incerta
359 695 410 748 vix
419 695 537 748 libertate
549 697 660 765 potitus.

137 795 210 863 Ergo
220 793 297 845 Fides
308 775 426 846 relevare
437 807 526 860 caput,
538 793 690 874 sparsosque
700 793 812 864 capillos

7 947 9 966 ζ
97 889 215 942 Νεᾶετε
227 889 357 958 Relligio,
368 905 416 940 nec
428 890 563 957 desperare
575 891 701 944 salutem:

99 985 216 1051 Templa
226 985 300 1036 suum
309 1001 435 1036 revocare
444 985 521 1036 decus
532 1019 539 1044 ‚
549 984 619 1038 sacra
628 987 698 1054 lapsa
708 987 842 1056 vigorem.
868 989 870 994 ’

9 1121 12 1136 ,
31 1087 32 1090 ’
101 1081 162 1132 Nec
171 1080 258 1132 deerat
268 1081 376 1134 Pietatis
384 1081 488 1144 honor,
501 1097 549 1132 nec
559 1083 663 1142 cultor.;
674 1083 745 1135 avitd

103 1177 206 1244 Captus
215 1177 273 1245 lege
283 1216 291 1241 ‚
303 1195 388 1246 nepos
399 1177 518 1246 spoliatis
528 1180 639 1230 Carolus
652 1178 704 1230 atis

101 1271 162 1340 lpse
174 1288 264 1340 preces
274 1273 399 1343 supplex,
414 1274 440 1326 δι
451 1289 559 1325 munera
569 1275 640 1344 larga
650 1273 758 1330 serebat.

103 1367 132 1422 0
144 1351 251 1438 quoties
262 1386 362 1439 pronus
373 1369 474 1440 superis
484 1369 621 1440 flagrantia
629 1369 697 1422 fudit

103 1465 172 1518 Udis
182 1480 249 1518 vota
259 1466 351 1540 labris!
368 1465 472 1534 quoties
485 1467 643 1536 singultibus
655 1483 712 1520 aras

104 1561 232 1629 Impulit,
245 1578 274 1612 ac
285 1559 372 1613 tacitis
383 1560 458 1612 dsrxit
467 1562 575 1629 suspiria
587 1563 659 1616 fibris
670 1603 679 1628 ,

105 1657 144 1708 Ut
153 1656 241 1708 mitads
253 1643 374 1709 aversum
383 1656 464 1708 ferret
473 1656 617 1711 Germania
626 1674 742 1722 numen,

106 1753 197 1820 thue
208 1751 284 1804 Fides
294 1750 405 1818 impulsa
417 1767 524 1819 gravem
534 1750 762 1819 fadiuralruinam,

107 1850 192 1901 Staret
204 1849 301 1912 adhuc,
313 1846 450 1915 Pietasque
462 1845 552 1898 locum
562 1845 675 1900 subnixa
683 1850 802 1900 teneret!

108 1948 172 1998 Non
186 1961 253 2015 ego,
266 1944 289 2006 si
300 1943 382 2014 largis
394 1943 532 1997 Heliconis
545 1942 659 1997 inebriet
669 1945 768 2008 undis,

109 2024 195 2114 Atque
206 2044 384 2098 renascentem
395 2041 508 2096 secundo
522 2042 624 2095 Pallada
633 2042 709 2096 sensu

110 2141 268 2210 Concipiam
277 2180 285 2204 ,
294 2140 458 2207 Delphisque
470 2156 560 2207 regam
572 2140 676 2190 delubra
685 2139 822 2202 sacerdon

110 2217 290 2301 Phoeseosque
300 2249 383 2303 teram
392 2234 509 2300 tripodas
518 2271 525 2295 ‚
535 2249 593 2284 mea
605 2232 720 2284 carmina
729 2231 805 2284 saffis

111 2331 260 2398 Exaequabo
272 2328 335 2381 tuis.
348 2326 490 2394 Quondam
501 2326 664 2394 prestantior
672 2325 774 2379 hostem
785 2366 794 2394 ,

113 2431 188 2482 Nunc
197 2427 288 2479 laudes
298 2425 402 2492 superas
414 2441 423 2482 ⁴,
435 2439 484 2475 nec
496 2422 596 2473 tantum
608 2439 671 2473 vera
682 2422 783 2490 putaris

114 2525 243 2586 Vincere,
255 2522 299 2574 sed
310 2522 410 2573 Vatum
420 2521 451 2571 de
463 2534 489 2569 te
498 2517 632 2569 mendacia
641 2508 745 2570 cessant.

115 2622 194 2688 Quod
202 2618 320 2690 fingunt,
333 2615 422 2669 minus
432 2615 468 2667 est
476 2613 559 2668 fadis.
567 2613 628 2666 Tibi
635 2615 765 2666 Romulus
775 2615 859 2668 armis

116 2720 266 2776 Concedet;
280 2716 378 2785 pietate
390 2715 505 2766 Numam
520 2712 699 2786 transcendere
710 2711 793 2766 visus.
883 2774 886 2779 ³

116 2815 228 2884 Regulus
240 2812 395 2875 occumbat,
408 2809 538 2879 Deciique
546 2809 661 2862 serantur
672 2809 701 2860 in
712 2808 813 2864 hostem

118 2909 267 2979 Pracipites
278 2929 285 2965 ε
296 2908 383 2962 minus
394 2907 430 2962 est
440 2905 551 2976 patriam
563 2906 667 2959 servare
680 2905 817 2972 cauendae
