<?xml version="1.0" encoding="UTF-8"?>
<!DOCTYPE html PUBLIC "-//W3C//DTD XHTML 1.0 Transitional//EN"
    "http://www.w3.org/TR/xhtml1/DTD/xhtml1-transitional.dtd">
<html xmlns="http://www.w3.org/1999/xhtml" xml:lang="en" lang="en">
 <head>
  <title>
</title>
<meta http-equiv="Content-Type" content="text/html;charset=utf-8" />
  <meta name='ocr-system' content='tesseract 3.04.00' />
  <meta name='ocr-capabilities' content='ocr_page ocr_carea ocr_par ocr_line ocrx_word'/>
</head>
<body>
  <div class='ocr_page' id='page_1' title='image "./sarcotisetcarol00masegoog_0091.png"; bbox 0 0 2076 3652; ppageno 0'>
   <div class='ocr_carea' id='block_1_1' title="bbox 354 277 849 400">
    <p class='ocr_par' dir='ltr' id='par_1_1' title="bbox 354 277 849 400">
     <span class='ocr_line' id='line_1_1' title="bbox 354 277 849 400; baseline 0.006 -32"><span class='ocrx_word' id='word_1_1' title='bbox 354 277 636 373; x_wconf 58' lang='lat' dir='ltr'>Ponsr&#39;s.</span> <span class='ocrx_word' id='word_1_2' title='bbox 826 327 849 400; x_wconf 86' lang='lat'>9</span> 
     </span>
    </p>
   </div>
   <div class='ocr_carea' id='block_1_2' title="bbox 133 418 903 2894">
    <p class='ocr_par' dir='ltr' id='par_1_2' title="bbox 133 418 903 2892">
     <span class='ocr_line' id='line_1_2' title="bbox 133 418 850 494; baseline 0.01 -21"><span class='ocrx_word' id='word_1_3' title='bbox 133 418 230 474; x_wconf 76' lang='lat' dir='ltr'>verlrm</span> <span class='ocrx_word' id='word_1_4' title='bbox 254 419 281 473; x_wconf 74' lang='grc' dir='ltr'>δι</span> <span class='ocrx_word' id='word_1_5' title='bbox 305 421 428 476; x_wconf 75' lang='lat' dir='ltr'>affeslum</span> <span class='ocrx_word' id='word_1_6' title='bbox 445 425 588 493; x_wconf 82' lang='lat' dir='ltr'>regendum</span> <span class='ocrx_word' id='word_1_7' title='bbox 612 422 739 492; x_wconf 74' lang='lat' dir='ltr'>speslet:</span> <span class='ocrx_word' id='word_1_8' title='bbox 762 425 850 494; x_wconf 88' lang='lat' dir='ltr'>palam</span> 
     </span>
     <span class='ocr_line' id='line_1_3' title="bbox 134 493 849 564; baseline 0.008 -20"><span class='ocrx_word' id='word_1_9' title='bbox 134 493 187 556; x_wconf 83' lang='lat' dir='ltr'>esi,</span> <span class='ocrx_word' id='word_1_10' title='bbox 206 509 240 545; x_wconf 93' lang='lat' dir='ltr'>eo</span> <span class='ocrx_word' id='word_1_11' title='bbox 258 493 312 546; x_wconf 85' lang='lat' dir='ltr'>fine</span> <span class='ocrx_word' id='word_1_12' title='bbox 329 495 397 549; x_wconf 73' lang='lat' dir='ltr'>reste</span> <span class='ocrx_word' id='word_1_13' title='bbox 412 497 556 549; x_wconf 85' lang='lat' dir='ltr'>institutam</span> <span class='ocrx_word' id='word_1_14' title='bbox 572 498 667 564; x_wconf 84' lang='lat' dir='ltr'>poesin</span> <span class='ocrx_word' id='word_1_15' title='bbox 684 498 801 563; x_wconf 86' lang='lat' dir='ltr'>absolvi,</span> <span class='ocrx_word' id='word_1_16' title='bbox 819 515 849 550; x_wconf 90' lang='lat' dir='ltr'>ut</span> 
     </span>
     <span class='ocr_line' id='line_1_4' title="bbox 134 565 903 641; baseline 0.01 -26"><span class='ocrx_word' id='word_1_17' title='bbox 134 581 151 616; x_wconf 83' lang='lat' dir='ltr'>a</span> <span class='ocrx_word' id='word_1_18' title='bbox 166 565 243 617; x_wconf 88' lang='lat' dir='ltr'>vitiis</span> <span class='ocrx_word' id='word_1_19' title='bbox 261 567 363 621; x_wconf 85' lang='lat' dir='ltr'>animos</span> <span class='ocrx_word' id='word_1_20' title='bbox 385 570 538 622; x_wconf 75' lang='lat' dir='ltr'><strong>mortalium</strong></span> <span class='ocrx_word' id='word_1_21' title='bbox 559 585 708 639; x_wconf 82' lang='lat' dir='ltr'><strong>expurget,</strong></span> <span class='ocrx_word' id='word_1_22' title='bbox 725 587 850 641; x_wconf 84' lang='lat' dir='ltr'>aptetque</span> <span class='ocrx_word' id='word_1_23' title='bbox 899 589 903 598; x_wconf 92' lang='grc'><strong><em>·</em></strong></span> 
     </span>
     <span class='ocr_line' id='line_1_5' title="bbox 135 635 850 710; baseline 0.007 -20"><span class='ocrx_word' id='word_1_24' title='bbox 135 635 301 704; x_wconf 80' lang='lat' dir='ltr'>virtutibus,</span> <span class='ocrx_word' id='word_1_25' title='bbox 317 642 426 710; x_wconf 86' lang='lat' dir='ltr'>quibus,</span> <span class='ocrx_word' id='word_1_26' title='bbox 443 642 616 694; x_wconf 83' lang='lat' dir='ltr'>admiratione</span> <span class='ocrx_word' id='word_1_27' title='bbox 629 660 658 695; x_wconf 87' lang='lat' dir='ltr'>ac</span> <span class='ocrx_word' id='word_1_28' title='bbox 674 644 850 696; x_wconf 70' lang='lat' dir='ltr'>delestatione</span> 
     </span>
     <span class='ocr_line' id='line_1_6' title="bbox 134 711 849 784; baseline 0.011 -24"><span class='ocrx_word' id='word_1_29' title='bbox 134 711 333 778; x_wconf 85' lang='lat' dir='ltr'>propositarum</span> <span class='ocrx_word' id='word_1_30' title='bbox 346 732 433 767; x_wconf 88' lang='lat' dir='ltr'>rerum</span> <span class='ocrx_word' id='word_1_31' title='bbox 445 731 556 783; x_wconf 89' lang='lat' dir='ltr'>captos</span> <span class='ocrx_word' id='word_1_32' title='bbox 570 717 723 783; x_wconf 88' lang='lat' dir='ltr'>Epopoeia</span> <span class='ocrx_word' id='word_1_33' title='bbox 716 717 849 784; x_wconf 78' lang='lat' dir='ltr'>imprimis</span> 
     </span>
     <span class='ocr_line' id='line_1_7' title="bbox 134 781 850 842; baseline 0.01 -8"><span class='ocrx_word' id='word_1_34' title='bbox 134 781 211 835; x_wconf 80' lang='lat' dir='ltr'>viros</span> <span class='ocrx_word' id='word_1_35' title='bbox 227 786 350 839; x_wconf 89' lang='lat' dir='ltr'>heroicos</span> <span class='ocrx_word' id='word_1_36' title='bbox 364 788 480 840; x_wconf 87' lang='lat' dir='ltr'>imbuere</span> <span class='ocrx_word' id='word_1_37' title='bbox 493 803 612 840; x_wconf 86' lang='lat' dir='ltr'>conatur.</span> <span class='ocrx_word' id='word_1_38' title='bbox 632 791 709 841; x_wconf 86' lang='lat' dir='ltr'>Unde</span> <span class='ocrx_word' id='word_1_39' title='bbox 726 791 850 842; x_wconf 86' lang='lat' dir='ltr'>Philoso-</span> 
     </span>
     <span class='ocr_line' id='line_1_8' title="bbox 135 856 891 928; baseline 0.011 -21"><span class='ocrx_word' id='word_1_40' title='bbox 135 856 205 922; x_wconf 88' lang='lat' dir='ltr'>phus</span> <span class='ocrx_word' id='word_1_41' title='bbox 220 859 252 909; x_wconf 92' lang='lat' dir='ltr'>de</span> <span class='ocrx_word' id='word_1_42' title='bbox 271 877 299 910; x_wconf 88' lang='lat' dir='ltr'>re</span> <span class='ocrx_word' id='word_1_43' title='bbox 314 860 389 913; x_wconf 89' lang='lat' dir='ltr'>Poet</span> <span class='ocrx_word' id='word_1_44' title='bbox 404 879 427 912; x_wconf 88' lang='lat' dir='ltr'>c.</span> <span class='ocrx_word' id='word_1_45' title='bbox 445 876 494 924; x_wconf 88' lang='lat'>24,</span> <span class='ocrx_word' id='word_1_46' title='bbox 507 861 645 928; x_wconf 85' lang='lat' dir='ltr'>postquam</span> <span class='ocrx_word' id='word_1_47' title='bbox 662 863 826 914; x_wconf 83' lang='lat' dir='ltr'>monuisl‘et&#39;</span> <span class='ocrx_word' id='word_1_48' title='bbox 820 881 850 914; x_wconf 88' lang='grc' dir='ltr'>ιιι</span> <span class='ocrx_word' id='word_1_49' title='bbox 890 915 891 920; x_wconf 69' lang='grc'>,</span> 
     </span>
     <span class='ocr_line' id='line_1_9' title="bbox 135 929 849 996; baseline 0.011 -18"><span class='ocrx_word' id='word_1_50' title='bbox 135 929 272 996; x_wconf 74' lang='lat' dir='ltr'>tragoediis</span> <span class='ocrx_word' id='word_1_51' title='bbox 288 934 490 984; x_wconf 82' lang='lat' dir='ltr'>admirationem</span> <span class='ocrx_word' id='word_1_52' title='bbox 506 936 707 994; x_wconf 85' lang='lat' dir='ltr'>concitandam,</span> <span class='ocrx_word' id='word_1_53' title='bbox 724 934 849 996; x_wconf 79' lang='lat' dir='ltr'>subjicit,</span> 
     </span>
     <span class='ocr_line' id='line_1_10' title="bbox 135 1001 851 1082; baseline -0.003 -24"><span class='ocrx_word' id='word_1_54' title='bbox 135 1001 242 1073; x_wconf 75' lang='grc' dir='ltr'>μιῖλλιι</span> <span class='ocrx_word' id='word_1_55' title='bbox 253 1001 274 1062; x_wconf 66' lang='lat'>3&#39;</span> <span class='ocrx_word' id='word_1_56' title='bbox 286 1002 384 1076; x_wconf 66' lang='grc' dir='ltr'>ἔιὶέχιἹ</span> <span class='ocrx_word' id='word_1_57' title='bbox 385 1031 415 1062; x_wconf 74' lang='lat' dir='ltr'>aa</span> <span class='ocrx_word' id='word_1_58' title='bbox 431 1012 454 1062; x_wconf 80' lang='lat' dir='ltr'>ir</span> <span class='ocrx_word' id='word_1_59' title='bbox 464 1031 494 1082; x_wconf 75' lang='grc' dir='ltr'>τῃ</span> <span class='ocrx_word' id='word_1_60' title='bbox 512 1004 637 1078; x_wconf 71' lang='lat' dir='ltr'>inentia,</span> <span class='ocrx_word' id='word_1_61' title='bbox 649 1005 731 1074; x_wconf 84' lang='lat' dir='ltr'>magis</span> <span class='ocrx_word' id='word_1_62' title='bbox 743 1006 828 1056; x_wconf 92' lang='lat' dir='ltr'>illud&#39;</span> <span class='ocrx_word' id='word_1_63' title='bbox 823 1025 851 1056; x_wconf 89' lang='lat' dir='ltr'>m</span> 
     </span>
     <span class='ocr_line' id='line_1_11' title="bbox 135 1064 852 1150; baseline 0.004 -19"><span class='ocrx_word' id='word_1_64' title='bbox 135 1079 268 1147; x_wconf 86' lang='lat' dir='ltr'>Epopoeia</span> <span class='ocrx_word' id='word_1_65' title='bbox 284 1084 457 1146; x_wconf 86' lang='lat' dir='ltr'>servandum,</span> <span class='ocrx_word' id='word_1_66' title='bbox 475 1069 500 1133; x_wconf 67' lang='grc' dir='ltr'>ἐι</span> <span class='ocrx_word' id='word_1_67' title='bbox 514 1083 577 1133; x_wconf 86' lang='lat' dir='ltr'>ibid.</span> <span class='ocrx_word' id='word_1_68' title='bbox 593 1064 689 1139; x_wconf 67' lang='lat' dir='ltr'>vlit</span> <span class='ocrx_word' id='word_1_69' title='bbox 663 1102 692 1134; x_wconf 76' lang='lat' dir='ltr'>co</span> <span class='ocrx_word' id='word_1_70' title='bbox 710 1078 852 1150; x_wconf 66' lang='lat' dir='ltr'>saepae-idi</span> 
     </span>
     <span class='ocr_line' id='line_1_12' title="bbox 136 1147 851 1221; baseline -0.004 -12.931"><span class='ocrx_word' id='word_1_71' title='bbox 136 1147 200 1218; x_wconf 66' lang='lat' dir='ltr'>eiiii,</span> <span class='ocrx_word' id='word_1_72' title='bbox 232 1156 371 1205; x_wconf 76' lang='lat' dir='ltr'>admirabile</span> <span class='ocrx_word' id='word_1_73' title='bbox 398 1157 454 1205; x_wconf 79' lang='lat' dir='ltr'>rerd</span> <span class='ocrx_word' id='word_1_74' title='bbox 480 1157 548 1204; x_wconf 82' lang='lat' dir='ltr'><em>dulce</em></span> <span class='ocrx_word' id='word_1_75' title='bbox 575 1159 615 1221; x_wconf 79' lang='lat' dir='ltr'>est.</span> <span class='ocrx_word' id='word_1_76' title='bbox 637 1155 770 1216; x_wconf 85' lang='lat' dir='ltr'>Nimirum</span> <span class='ocrx_word' id='word_1_77' title='bbox 798 1158 851 1205; x_wconf 84' lang='lat' dir='ltr'>hoe</span> 
     </span>
     <span class='ocr_line' id='line_1_13' title="bbox 135 1227 851 1296; baseline -0.003 -16"><span class='ocrx_word' id='word_1_78' title='bbox 135 1232 215 1282; x_wconf 89' lang='lat' dir='ltr'>melle</span> <span class='ocrx_word' id='word_1_79' title='bbox 237 1227 367 1279; x_wconf 86' lang='lat' dir='ltr'>acriorem</span> <span class='ocrx_word' id='word_1_80' title='bbox 391 1227 499 1280; x_wconf 88' lang='lat' dir='ltr'>virtutis</span> <span class='ocrx_word' id='word_1_81' title='bbox 529 1229 650 1296; x_wconf 90' lang='lat' dir='ltr'>saporem</span> <span class='ocrx_word' id='word_1_82' title='bbox 675 1227 851 1296; x_wconf 78' lang='lat' dir='ltr'>mitigandum</span> 
     </span>
     <span class='ocr_line' id='line_1_14' title="bbox 136 1298 853 1356; baseline -0.003 -3"><span class='ocrx_word' id='word_1_83' title='bbox 136 1301 247 1354; x_wconf 82' lang='lat' dir='ltr'>censuit.</span> <span class='ocrx_word' id='word_1_84' title='bbox 272 1298 339 1352; x_wconf 81' lang='lat' dir='ltr'>San¹e</span> <span class='ocrx_word' id='word_1_85' title='bbox 366 1301 478 1354; x_wconf 86' lang='lat' dir='ltr'>Homeri</span> <span class='ocrx_word' id='word_1_86' title='bbox 505 1303 621 1356; x_wconf 85' lang='lat' dir='ltr'>Achilles</span> <span class='ocrx_word' id='word_1_87' title='bbox 644 1303 795 1353; x_wconf 86' lang='lat' dir='ltr'>Alexandro</span> <span class='ocrx_word' id='word_1_88' title='bbox 821 1303 853 1352; x_wconf 85' lang='lat' dir='ltr'>nd</span> 
     </span>
     <span class='ocr_line' id='line_1_15' title="bbox 135 1374 851 1443; baseline -0.001 -16"><span class='ocrx_word' id='word_1_89' title='bbox 135 1374 282 1427; x_wconf 80' lang='lat' dir='ltr'>fortissima</span> <span class='ocrx_word' id='word_1_90' title='bbox 294 1391 404 1442; x_wconf 81' lang='lat' dir='ltr'>quaeque</span> <span class='ocrx_word' id='word_1_91' title='bbox 417 1377 533 1427; x_wconf 87' lang='lat' dir='ltr'>audenda</span> <span class='ocrx_word' id='word_1_92' title='bbox 544 1374 669 1443; x_wconf 78' lang='lat' dir='ltr'>proluisse</span> <span class='ocrx_word' id='word_1_93' title='bbox 680 1389 851 1426; x_wconf 85' lang='lat' dir='ltr'>memoratur.</span> 
     </span>
     <span class='ocr_line' id='line_1_16' title="bbox 137 1448 852 1516; baseline 0.003 -19"><span class='ocrx_word' id='word_1_94' title='bbox 137 1448 297 1513; x_wconf 85' lang='lat' dir='ltr'>Quanquam</span> <span class='ocrx_word' id='word_1_95' title='bbox 311 1448 472 1499; x_wconf 84' lang='lat' dir='ltr'>diffitendum</span> <span class='ocrx_word' id='word_1_96' title='bbox 487 1465 544 1498; x_wconf 92' lang='lat' dir='ltr'>non</span> <span class='ocrx_word' id='word_1_97' title='bbox 558 1450 609 1510; x_wconf 89' lang='lat' dir='ltr'>sit,</span> <span class='ocrx_word' id='word_1_98' title='bbox 626 1448 766 1516; x_wconf 89' lang='lat' dir='ltr'>plerosque</span> <span class='ocrx_word' id='word_1_99' title='bbox 778 1462 852 1499; x_wconf 88' lang='lat' dir='ltr'>vete·</span> 
     </span>
     <span class='ocr_line' id='line_1_17' title="bbox 136 1519 851 1588; baseline 0.001 -17"><span class='ocrx_word' id='word_1_100' title='bbox 136 1537 197 1571; x_wconf 91' lang='lat' dir='ltr'>rum</span> <span class='ocrx_word' id='word_1_101' title='bbox 220 1520 251 1570; x_wconf 89' lang='lat' dir='ltr'>ab</span> <span class='ocrx_word' id='word_1_102' title='bbox 276 1519 324 1569; x_wconf 85' lang='lat' dir='ltr'>hac</span> <span class='ocrx_word' id='word_1_103' title='bbox 348 1535 417 1570; x_wconf 87' lang='lat' dir='ltr'>meta</span> <span class='ocrx_word' id='word_1_104' title='bbox 439 1520 563 1573; x_wconf 84' lang='lat' dir='ltr'>nonnihil</span> <span class='ocrx_word' id='word_1_105' title='bbox 586 1519 746 1582; x_wconf 71' lang='lat' dir='ltr'>declinasse,</span> <span class='ocrx_word' id='word_1_106' title='bbox 767 1535 851 1588; x_wconf 83' lang='lat' dir='ltr'>quum</span> 
     </span>
     <span class='ocr_line' id='line_1_18' title="bbox 136 1589 850 1660; baseline 0.003 -18"><span class='ocrx_word' id='word_1_107' title='bbox 136 1589 290 1660; x_wconf 86' lang='lat' dir='ltr'>prohibitos</span> <span class='ocrx_word' id='word_1_108' title='bbox 305 1607 409 1641; x_wconf 87' lang='lat' dir='ltr'>amores</span> <span class='ocrx_word' id='word_1_109' title='bbox 425 1593 529 1658; x_wconf 88' lang='lat' dir='ltr'>aliaque</span> <span class='ocrx_word' id='word_1_110' title='bbox 550 1592 630 1646; x_wconf 87' lang='lat' dir='ltr'>eriam</span> <span class='ocrx_word' id='word_1_111' title='bbox 647 1593 714 1643; x_wconf 90' lang='lat' dir='ltr'>vitia</span> <span class='ocrx_word' id='word_1_112' title='bbox 732 1591 850 1644; x_wconf 88' lang='lat' dir='ltr'>heroicis</span> 
     </span>
     <span class='ocr_line' id='line_1_19' title="bbox 137 1661 854 1727; baseline 0.003 -13"><span class='ocrx_word' id='word_1_113' title='bbox 137 1661 292 1727; x_wconf 82' lang='lat' dir='ltr'>Principum</span> <span class='ocrx_word' id='word_1_114' title='bbox 317 1661 486 1722; x_wconf 86' lang='lat' dir='ltr'>virtutibus,</span> <span class='ocrx_word' id='word_1_115' title='bbox 509 1680 565 1713; x_wconf 89' lang='lat' dir='ltr'>non</span> <span class='ocrx_word' id='word_1_116' title='bbox 585 1669 616 1715; x_wconf 89' lang='lat' dir='ltr'>ad</span> <span class='ocrx_word' id='word_1_117' title='bbox 638 1666 788 1727; x_wconf 86' lang='lat' dir='ltr'>cautelam,</span> <span class='ocrx_word' id='word_1_118' title='bbox 807 1666 854 1716; x_wconf 89' lang='lat' dir='ltr'>scd</span> 
     </span>
     <span class='ocr_line' id='line_1_20' title="bbox 138 1732 852 1799; baseline 0.003 -15"><span class='ocrx_word' id='word_1_119' title='bbox 138 1732 319 1784; x_wconf 86' lang='lat' dir='ltr'>offensionem</span> <span class='ocrx_word' id='word_1_120' title='bbox 346 1733 436 1799; x_wconf 82' lang='lat' dir='ltr'>potius</span> <span class='ocrx_word' id='word_1_121' title='bbox 465 1733 594 1784; x_wconf 76' lang='lat' dir='ltr'>ledlorum</span> <span class='ocrx_word' id='word_1_122' title='bbox 617 1773 625 1797; x_wconf 87' lang='lat'>,</span> <span class='ocrx_word' id='word_1_123' title='bbox 656 1735 852 1788; x_wconf 88' lang='lat' dir='ltr'>admiscuerint.</span> 
     </span>
     <span class='ocr_line' id='line_1_21' title="bbox 139 1801 884 1871; baseline 0.001 -15"><span class='ocrx_word' id='word_1_124' title='bbox 139 1801 229 1871; x_wconf 74' lang='lat' dir='ltr'>Qudm</span> <span class='ocrx_word' id='word_1_125' title='bbox 246 1803 319 1855; x_wconf 88' lang='lat' dir='ltr'>enim</span> <span class='ocrx_word' id='word_1_126' title='bbox 339 1819 415 1871; x_wconf 88' lang='lat' dir='ltr'>turpe</span> <span class='ocrx_word' id='word_1_127' title='bbox 431 1843 439 1869; x_wconf 92' lang='lat'>,</span> <span class='ocrx_word' id='word_1_128' title='bbox 455 1805 585 1857; x_wconf 84' lang='lat' dir='ltr'>Achillem</span> <span class='ocrx_word' id='word_1_129' title='bbox 602 1821 644 1856; x_wconf 86' lang='lat' dir='ltr'>tot</span> <span class='ocrx_word' id='word_1_130' title='bbox 663 1805 784 1856; x_wconf 85' lang='lat' dir='ltr'>virorum</span> <span class='ocrx_word' id='word_1_131' title='bbox 803 1810 852 1857; x_wconf 87' lang='lat' dir='ltr'>do·</span> <span class='ocrx_word' id='word_1_132' title='bbox 881 1833 884 1838; x_wconf 89' lang='lat'>·</span> 
     </span>
     <span class='ocr_line' id='line_1_22' title="bbox 138 1877 852 1946; baseline 0 -17"><span class='ocrx_word' id='word_1_133' title='bbox 138 1877 267 1930; x_wconf 83' lang='lat' dir='ltr'>mirorem</span> <span class='ocrx_word' id='word_1_134' title='bbox 284 1877 362 1928; x_wconf 88' lang='lat' dir='ltr'>unius</span> <span class='ocrx_word' id='word_1_135' title='bbox 383 1877 506 1929; x_wconf 87' lang='lat' dir='ltr'>Briseidis</span> <span class='ocrx_word' id='word_1_136' title='bbox 525 1893 578 1930; x_wconf 89' lang='lat' dir='ltr'>tam</span> <span class='ocrx_word' id='word_1_137' title='bbox 597 1879 759 1946; x_wconf 86' lang='lat' dir='ltr'>impotenter</span> <span class='ocrx_word' id='word_1_138' title='bbox 776 1895 852 1929; x_wconf 89' lang='lat' dir='ltr'>amo-</span> 
     </span>
     <span class='ocr_line' id='line_1_23' title="bbox 138 1949 852 2020; baseline -0.001 -17"><span class='ocrx_word' id='word_1_139' title='bbox 138 1951 211 2004; x_wconf 85' lang='lat' dir='ltr'>ribus</span> <span class='ocrx_word' id='word_1_140' title='bbox 229 1949 313 2019; x_wconf 81' lang='lat' dir='ltr'>subigi</span> <span class='ocrx_word' id='word_1_141' title='bbox 328 1949 465 2020; x_wconf 81' lang='lat' dir='ltr'>tulyssem</span> <span class='ocrx_word' id='word_1_142' title='bbox 483 1951 554 2003; x_wconf 81' lang='lat' dir='ltr'>casiae</span> <span class='ocrx_word' id='word_1_143' title='bbox 574 1953 715 2020; x_wconf 86' lang='lat' dir='ltr'>Penelopis</span> <span class='ocrx_word' id='word_1_144' title='bbox 734 1953 852 2002; x_wconf 88' lang='lat' dir='ltr'>toroad-</span> 
     </span>
     <span class='ocr_line' id='line_1_24' title="bbox 137 2023 853 2098; baseline 0 -22"><span class='ocrx_word' id='word_1_145' title='bbox 137 2027 254 2076; x_wconf 77' lang='lat' dir='ltr'>ulcerum</span> <span class='ocrx_word' id='word_1_146' title='bbox 269 2023 358 2076; x_wconf 82' lang='lat' dir='ltr'>virum</span> <span class='ocrx_word' id='word_1_147' title='bbox 374 2029 523 2098; x_wconf 80' lang='lat' dir='ltr'>reponere!</span> <span class='ocrx_word' id='word_1_148' title='bbox 536 2025 648 2078; x_wconf 79' lang='lat' dir='ltr'>AEnenm</span> <span class='ocrx_word' id='word_1_149' title='bbox 665 2039 706 2076; x_wconf 89' lang='lat' dir='ltr'>tot</span> <span class='ocrx_word' id='word_1_150' title='bbox 722 2024 853 2076; x_wconf 86' lang='lat' dir='ltr'>virtutum</span> 
     </span>
     <span class='ocr_line' id='line_1_25' title="bbox 138 2093 853 2167; baseline -0.001 -18"><span class='ocrx_word' id='word_1_151' title='bbox 138 2099 235 2150; x_wconf 88' lang='lat' dir='ltr'>decora</span> <span class='ocrx_word' id='word_1_152' title='bbox 254 2096 365 2165; x_wconf 76' lang='lat' dir='ltr'>persidid</span> <span class='ocrx_word' id='word_1_153' title='bbox 385 2093 466 2150; x_wconf 89' lang='lat' dir='ltr'>simul</span> <span class='ocrx_word' id='word_1_154' title='bbox 488 2099 566 2167; x_wconf 79' lang='lat' dir='ltr'>atque</span> <span class='ocrx_word' id='word_1_155' title='bbox 589 2095 736 2150; x_wconf 81' lang='lat' dir='ltr'>inconcessa</span> <span class='ocrx_word' id='word_1_156' title='bbox 754 2113 853 2149; x_wconf 88' lang='lat' dir='ltr'>venere</span> 
     </span>
     <span class='ocr_line' id='line_1_26' title="bbox 138 2170 853 2238; baseline 0 -16"><span class='ocrx_word' id='word_1_157' title='bbox 138 2172 291 2223; x_wconf 84' lang='lat' dir='ltr'>maculare!</span> <span class='ocrx_word' id='word_1_158' title='bbox 311 2170 457 2222; x_wconf 77' lang='lat' dir='ltr'>Enimvero</span> <span class='ocrx_word' id='word_1_159' title='bbox 480 2171 587 2222; x_wconf 90' lang='lat' dir='ltr'>tolerari</span> <span class='ocrx_word' id='word_1_160' title='bbox 603 2173 684 2222; x_wconf 83' lang='lat' dir='ltr'>haec</span> <span class='ocrx_word' id='word_1_161' title='bbox 678 2188 706 2222; x_wconf 91' lang='lat' dir='ltr'>m</span> <span class='ocrx_word' id='word_1_162' title='bbox 719 2171 853 2238; x_wconf 85' lang='lat' dir='ltr'>Episodiis</span> 
     </span>
     <span class='ocr_line' id='line_1_27' title="bbox 137 2241 854 2310; baseline -0.003 -16"><span class='ocrx_word' id='word_1_163' title='bbox 137 2256 263 2310; x_wconf 86' lang='lat' dir='ltr'>poterant</span> <span class='ocrx_word' id='word_1_164' title='bbox 291 2242 372 2306; x_wconf 89' lang='lat' dir='ltr'>(nam</span> <span class='ocrx_word' id='word_1_165' title='bbox 404 2244 435 2293; x_wconf 91' lang='lat' dir='ltr'>ab</span> <span class='ocrx_word' id='word_1_166' title='bbox 459 2241 563 2294; x_wconf 75' lang='lat' dir='ltr'>adlione</span> <span class='ocrx_word' id='word_1_167' title='bbox 585 2243 802 2309; x_wconf 87' lang='lat' dir='ltr'>proscribuntur,</span> <span class='ocrx_word' id='word_1_168' title='bbox 824 2257 854 2293; x_wconf 90' lang='lat' dir='ltr'>ut</span> 
     </span>
     <span class='ocr_line' id='line_1_28' title="bbox 140 2313 851 2383; baseline 0 -17"><span class='ocrx_word' id='word_1_169' title='bbox 140 2331 199 2383; x_wconf 83' lang='lat' dir='ltr'>quae</span> <span class='ocrx_word' id='word_1_170' title='bbox 225 2314 354 2367; x_wconf 90' lang='lat' dir='ltr'>unitatem</span> <span class='ocrx_word' id='word_1_171' title='bbox 374 2314 499 2381; x_wconf 86' lang='lat' dir='ltr'>violent)</span> <span class='ocrx_word' id='word_1_172' title='bbox 520 2314 544 2366; x_wconf 87' lang='lat' dir='ltr'>si</span> <span class='ocrx_word' id='word_1_173' title='bbox 565 2315 633 2383; x_wconf 86' lang='lat' dir='ltr'>aptis</span> <span class='ocrx_word' id='word_1_174' title='bbox 652 2313 776 2375; x_wconf 79' lang='lat' dir='ltr'>remediis</span> <span class='ocrx_word' id='word_1_175' title='bbox 794 2331 851 2382; x_wconf 86' lang='lat' dir='ltr'>poe-</span> 
     </span>
     <span class='ocr_line' id='line_1_29' title="bbox 140 2385 852 2456; baseline 0 -18"><span class='ocrx_word' id='word_1_176' title='bbox 140 2388 233 2456; x_wconf 87' lang='lat' dir='ltr'>nisque</span> <span class='ocrx_word' id='word_1_177' title='bbox 251 2389 283 2438; x_wconf 87' lang='lat' dir='ltr'>ad</span> <span class='ocrx_word' id='word_1_178' title='bbox 298 2389 437 2439; x_wconf 86' lang='lat' dir='ltr'>horrorem</span> <span class='ocrx_word' id='word_1_179' title='bbox 461 2387 565 2437; x_wconf 87' lang='lat' dir='ltr'>sceleris</span> <span class='ocrx_word' id='word_1_180' title='bbox 586 2388 681 2452; x_wconf 91' lang='lat' dir='ltr'>patrati</span> <span class='ocrx_word' id='word_1_181' title='bbox 705 2385 852 2438; x_wconf 89' lang='lat' dir='ltr'>concilian-</span> 
     </span>
     <span class='ocr_line' id='line_1_30' title="bbox 141 2456 854 2526; baseline -0.003 -14"><span class='ocrx_word' id='word_1_182' title='bbox 141 2461 221 2524; x_wconf 90' lang='lat' dir='ltr'>dum,</span> <span class='ocrx_word' id='word_1_183' title='bbox 243 2458 379 2512; x_wconf 82' lang='lat' dir='ltr'>admiffum</span> <span class='ocrx_word' id='word_1_184' title='bbox 400 2461 482 2511; x_wconf 86' lang='lat' dir='ltr'>scelus</span> <span class='ocrx_word' id='word_1_185' title='bbox 503 2456 657 2526; x_wconf 72' lang='lat' dir='ltr'>expiassent.</span> <span class='ocrx_word' id='word_1_186' title='bbox 677 2458 780 2510; x_wconf 76' lang='lat' dir='ltr'>Verum</span> <span class='ocrx_word' id='word_1_187' title='bbox 800 2459 854 2510; x_wconf 90' lang='lat' dir='ltr'>hoc</span> 
     </span>
     <span class='ocr_line' id='line_1_31' title="bbox 140 2529 859 2616; baseline -0.007 -31"><span class='ocrx_word' id='word_1_188' title='bbox 140 2532 281 2616; x_wconf 68' lang='lat' dir='ltr'>negledlo,</span> <span class='ocrx_word' id='word_1_189' title='bbox 292 2532 399 2584; x_wconf 87' lang='lat' dir='ltr'>veniam</span> <span class='ocrx_word' id='word_1_190' title='bbox 412 2534 440 2582; x_wconf 91' lang='lat' dir='ltr'>in</span> <span class='ocrx_word' id='word_1_191' title='bbox 450 2531 528 2599; x_wconf 87' lang='lat' dir='ltr'>poesi</span> <span class='ocrx_word' id='word_1_192' title='bbox 544 2547 600 2582; x_wconf 90' lang='lat' dir='ltr'>non</span> <span class='ocrx_word' id='word_1_193' title='bbox 609 2545 751 2582; x_wconf 87' lang='lat' dir='ltr'>merentur.</span> <span class='ocrx_word' id='word_1_194' title='bbox 764 2529 859 2582; x_wconf 79' lang='lat' dir='ltr'>Mults&gt;</span> 
     </span>
     <span class='ocr_line' id='line_1_32' title="bbox 141 2601 858 2658; baseline -0.006 0"><span class='ocrx_word' id='word_1_195' title='bbox 141 2605 222 2658; x_wconf 84' lang='lat' dir='ltr'>etiam</span> <span class='ocrx_word' id='word_1_196' title='bbox 240 2605 328 2657; x_wconf 75' lang='lat' dir='ltr'>mimis</span> <span class='ocrx_word' id='word_1_197' title='bbox 348 2603 437 2657; x_wconf 86' lang='lat' dir='ltr'>Poetis</span> <span class='ocrx_word' id='word_1_198' title='bbox 458 2603 609 2655; x_wconf 85' lang='lat' dir='ltr'>Christianis</span> <span class='ocrx_word' id='word_1_199' title='bbox 627 2606 666 2656; x_wconf 73' lang='lat' dir='ltr'>he</span> <span class='ocrx_word' id='word_1_200' title='bbox 683 2601 743 2655; x_wconf 87' lang='lat' dir='ltr'>sane</span> <span class='ocrx_word' id='word_1_201' title='bbox 762 2601 858 2655; x_wconf 85' lang='lat' dir='ltr'>Poesis</span> 
     </span>
     <span class='ocr_line' id='line_1_33' title="bbox 141 2675 858 2762; baseline -0.001 -33"><span class='ocrx_word' id='word_1_202' title='bbox 141 2679 214 2730; x_wconf 82' lang='lat' dir='ltr'>labes</span> <span class='ocrx_word' id='word_1_203' title='bbox 231 2680 410 2730; x_wconf 85' lang='lat' dir='ltr'>condonandae</span> <span class='ocrx_word' id='word_1_204' title='bbox 427 2692 524 2739; x_wconf 88' lang='lat' dir='ltr'>erunt,</span> <span class='ocrx_word' id='word_1_205' title='bbox 545 2677 639 2745; x_wconf 90' lang='lat' dir='ltr'>quibus</span> <span class='ocrx_word' id='word_1_206' title='bbox 658 2675 744 2729; x_wconf 84' lang='lat' dir='ltr'>talis&#39;</span> <span class='ocrx_word' id='word_1_207' title='bbox 737 2691 766 2727; x_wconf 86' lang='lat' dir='ltr'>tn</span> <span class='ocrx_word' id='word_1_208' title='bbox 784 2678 858 2762; x_wconf 81' lang='lat' dir='ltr'>Epo</span> 
     </span>
     <span class='ocr_line' id='line_1_34' title="bbox 141 2749 876 2818; baseline 0 -18"><span class='ocrx_word' id='word_1_209' title='bbox 141 2767 215 2818; x_wconf 83' lang='lat' dir='ltr'>poera</span> <span class='ocrx_word' id='word_1_210' title='bbox 229 2751 309 2801; x_wconf 85' lang='lat' dir='ltr'>heros</span> <span class='ocrx_word' id='word_1_211' title='bbox 323 2751 408 2802; x_wconf 89' lang='lat' dir='ltr'>form</span> <span class='ocrx_word' id='word_1_212' title='bbox 411 2753 475 2802; x_wconf 86' lang='lat' dir='ltr'>udus</span> <span class='ocrx_word' id='word_1_213' title='bbox 491 2749 546 2812; x_wconf 81' lang='lat' dir='ltr'>est,</span> <span class='ocrx_word' id='word_1_214' title='bbox 567 2749 613 2818; x_wconf 90' lang='lat' dir='ltr'>qui</span> <span class='ocrx_word' id='word_1_215' title='bbox 630 2765 674 2802; x_wconf 88' lang='lat' dir='ltr'>aut</span> <span class='ocrx_word' id='word_1_216' title='bbox 695 2749 785 2810; x_wconf 87' lang='lat' dir='ltr'>nihil,</span> <span class='ocrx_word' id='word_1_217' title='bbox 803 2749 876 2802; x_wconf 85' lang='lat' dir='ltr'>nisi·</span> 
     </span>
     <span class='ocr_line' id='line_1_35' title="bbox 142 2821 864 2894; baseline 0 -20"><span class='ocrx_word' id='word_1_218' title='bbox 142 2822 173 2874; x_wconf 89' lang='lat' dir='ltr'>in</span> <span class='ocrx_word' id='word_1_219' title='bbox 184 2822 315 2874; x_wconf 84' lang='lat' dir='ltr'>erroribus</span> <span class='ocrx_word' id='word_1_220' title='bbox 327 2824 481 2894; x_wconf 84' lang='lat' dir='ltr'>inculpatis,</span> <span class='ocrx_word' id='word_1_221' title='bbox 492 2839 602 2892; x_wconf 88' lang='lat' dir='ltr'>peccet·‚</span> <span class='ocrx_word' id='word_1_222' title='bbox 618 2839 663 2876; x_wconf 91' lang='lat' dir='ltr'>aut</span> <span class='ocrx_word' id='word_1_223' title='bbox 672 2841 695 2875; x_wconf 91' lang='lat' dir='ltr'>s1</span> <span class='ocrx_word' id='word_1_224' title='bbox 687 2821 842 2891; x_wconf 83' lang='lat' dir='ltr'>delinquat</span> <span class='ocrx_word' id='word_1_225' title='bbox 852 2861 864 2884; x_wconf 82' lang='lat'>,</span> 
     </span>
    </p>
   </div>
   <div class='ocr_carea' id='block_1_3' title="bbox 143 2893 791 3018">
    <p class='ocr_par' dir='ltr' id='par_1_3' title="bbox 143 2893 791 3018">
     <span class='ocr_line' id='line_1_36' title="bbox 143 2893 791 3018; baseline -0.003 -72"><span class='ocrx_word' id='word_1_226' title='bbox 143 2893 262 2967; x_wconf 76' lang='lat' dir='ltr'>graviori</span> <span class='ocrx_word' id='word_1_227' title='bbox 280 2896 447 2966; x_wconf 89' lang='lat' dir='ltr'>poenitudine</span> <span class='ocrx_word' id='word_1_228' title='bbox 466 2896 622 2964; x_wconf 85' lang='lat' dir='ltr'>resipiscens</span> <span class='ocrx_word' id='word_1_229' title='bbox 642 2910 748 3018; x_wconf 44' lang='lat' dir='ltr'>exechret</span> <span class='ocrx_word' id='word_1_230' title='bbox 741 2909 791 2947; x_wconf 88' lang='lat' dir='ltr'>ur.</span> 
     </span>
     <span class='ocr_line' id='line_1_37' title="bbox 737 2980 758 3018; baseline 0 0"><span class='ocrx_word' id='word_1_231' title='bbox 737 2980 758 3018; x_wconf 71' lang='lat' dir='ltr'>u</span> 
     </span>
    </p>
   </div>
   <div class='ocr_carea' id='block_1_4' title="bbox 0 0 1050 3652">
    <p class='ocr_par' dir='ltr' id='par_1_4' title="bbox 0 0 1050 3652">
     <span class='ocr_line' id='line_1_38' title="bbox 0 0 1050 3652; baseline 0 0"><span class='ocrx_word' id='word_1_232' title='bbox 0 0 1050 3652; x_wconf 95' lang='lat' dir='ltr'> </span> 
     </span>
    </p>
   </div>
  </div>
 </body>
</html>
