2040 3644
290 307 570 390 Caaozr
632 307 683 392 V.
781 335 860 417 197

1 515 3 522 ,
111 460 177 512 Non
187 460 236 515 tibi
246 462 335 530 Seiani
344 469 591 538 molles,vafrique
601 468 724 524 Cleandri

1 539 2 544 ¹
110 559 243 615 Aulanlm
254 565 375 630 placeant
385 566 488 618 domini
498 583 564 625 ·‚nec
575 568 665 636 praedo
676 568 784 622 telidlus

111 655 226 710 Arcadio
237 671 326 724 tutor,
337 677 386 714 nec
398 679 477 731 quem
488 663 558 716 mali
569 663 682 732 protulit
691 663 787 716 Austro

108 749 210 804 Infidus
221 753 380 808 stiliconem
389 758 504 827 Aquilo,
518 759 563 828 qui
575 759 642 826 saepe
655 758 797 828 triumphis

111 846 263 915 Ornatam,
274 851 347 920 turpi
359 855 503 906 maculavit
513 855 638 924 sanguine
650 856 764 910 Romana

110 942 251 1009 Proditor,
261 947 427 1017 absolvitque
438 948 499 1000 suos
512 949 656 1002 moriturus
668 952 801 1014 honores,

110 1039 290 1094 Fundamenta
299 1043 391 1111 quatit.
404 1045 508 1098 Multos
519 1044 588 1114 rapit
597 1046 674 1098 ardor
682 1047 811 1113 habendi,

110 1133 231 1204 Harpyis
242 1136 357 1202 similes,
368 1139 464 1208 quibus
477 1140 504 1190 ἃ
514 1141 663 1194 reverentia
673 1140 738 1206 juris

109 1230 143 1282 Et
154 1230 218 1284 vilis
230 1232 314 1301 pietas
324 1253 332 1295 ·,
344 1239 507 1304 populorum
519 1239 589 1290 colla
599 1238 704 1292 tributis

109 1326 194 1380 Preffa
201 1345 311 1399 gravant
318 1372 326 1395 ,
333 1333 478 1402 spoliisque
489 1351 582 1388 manus
591 1334 737 1404 implentur
747 1337 779 1390 ad
787 1353 853 1394 aras.

109 1425 176 1476 Sunt
186 1442 254 1494 quos
266 1429 375 1495 pulcher
385 1430 489 1493 honos,
505 1432 531 1483 ὃ(
542 1449 598 1484 non
608 1432 727 1503 ignobile
737 1449 837 1487 nomen

109 1519 259 1589 Principis,
271 1522 361 1574 insana
370 1539 461 1591 raptos
469 1526 615 1596 vertigine,
628 1529 719 1593 ducat,

109 1614 232 1668 Artifices
242 1617 363 1668 fraudum
373 1635 383 1674 ·,
394 1618 488 1685 quibus
498 1621 534 1671 est
545 1623 681 1676 simulatio
691 1625 779 1677 virtus
790 1643 799 1685 ·‚

110 1709 201 1762 Verba
209 1711 302 1762 dolosa
313 1749 321 1772 ,
333 1709 398 1762 fides
410 1728 419 1768 ς
430 1710 512 1774 astus,
525 1713 630 1766 solertia
642 1719 766 1782 prudens.

108 1807 230 1858 Noverat
239 1805 386 1858 Austriades
398 1819 489 1858 cautus
500 1806 646 1860 discernere
657 1825 764 1874 mores,
844 1805 858 1822 ”

88 1963 92 1970 ,
109 1903 144 1954 Et
157 1902 254 1958 nudare
264 1896 341 1956 dolos
352 1920 360 1962 3
370 1917 470 1971 perque
481 1905 619 1972 explorata
631 1903 758 1958 clientum

108 1998 220 2064 Munia,
233 1997 344 2068 sepositi
355 2013 492 2067 penetrare
501 1999 636 2052 recondita
646 1999 747 2055 sensus.

108 2097 175 2160 Sunt
186 2095 269 2149 animi
278 2113 369 2150 mores
378 2096 514 2164 speculum
526 2096 655 2168 avelligia
666 2098 764 2152 mentis

108 2175 195 2244 ludex
204 2193 296 2243 vultus
305 2191 385 2242 habet
395 2209 404 2249 ;
414 2193 528 2242 mendax
540 2193 676 2244 simulatio
687 2193 784 2244 frontis

109 2287 189 2338 Nulla
199 2285 244 2336 diu
256 2303 265 2343 3
275 2287 308 2336 ad
317 2284 442 2353 proprios
453 2288 563 2338 redeunt
574 2287 659 2340 fucata
668 2289 783 2342 colores.

109 2379 243 2448 Principis
254 2379 290 2433 est
300 2379 403 2434 uoviffe
413 2382 474 2436 suos
485 2401 492 2434 r
503 2399 536 2434 ne
546 2383 625 2435 dutus
635 2382 727 2436 amicis
738 2421 747 2446 ‚

109 2473 236 2529 Hostibus
246 2490 368 2528 occurrat
377 2476 464 2530 facilis
475 2495 483 2530 r
495 2494 529 2529 ne
540 2477 647 2544 premia
656 2478 722 2530 redii
817 2494 820 2498 ·

111 2573 235 2640 Occupet
244 2570 416 2638 improbitas,
426 2571 607 2641 scelerumque
619 2572 731 2626 innoxia
740 2575 830 2643 plebes

110 2667 212 2739 Sentiat
222 2666 350 2732 indicias,
360 2685 492 2722 noxantm
504 2685 629 2738 munera,
643 2685 746 2738 poenas.
780 2693 782 2700 ·

109 2768 160 2819 Ars
171 2766 238 2834 bene
248 2763 322 2834 poffe
332 2766 389 2835 regi
398 2765 434 2818 est
444 2784 452 2826 ς
464 2764 549 2830 major
558 2763 652 2818 texilis
663 2783 671 2825 ς
681 2765 799 2836 suprema
810 2805 818 2830 ‚

112 2863 141 2918 si
153 2861 212 2931 quis
222 2877 363 2929 utrumque
374 2863 467 2929 potest.
480 2860 575 2914 Multis
585 2860 683 2914 servire
693 2859 793 2916 necesse
802 2860 855 2926 est,

113 2956 163 3014 cui
174 2952 261 3011 servi(
267 2957 340 3026 plebs
352 2958 435 3021 multa
446 2956 516 3008 duci.
529 2957 593 3008 Non
602 2955 725 3081 omtltibtts
735 2956 805 3010 idem

682 3046 710 3094 nt
