2086 3652
191 250 240 322 m
386 248 716 318 Hanorca

194 388 244 423 crae
262 369 288 422 δι
302 366 353 422 fide
368 368 461 423 divina
476 381 589 437 receptae
600 369 739 438 Epopoeiae
756 363 906 424 minirssser·

193 443 294 502 viant;
314 441 386 512 quod
403 445 431 494 in
450 443 491 495 his
511 440 613 504 sobri'e,
631 443 777 511 magnique
795 444 907 496 circum·

196 517 332 584 spesiione
347 514 499 585 fingendum
518 515 570 578 sit,
588 531 621 566 ne
637 515 701 582 quid
717 517 743 568 S.
756 516 850 573 Literis
867 517 908 566 ad·

196 591 344 641 versarium
363 589 515 650 inseratur,
543 587 687 656 praesertim
707 605 789 655 quum
812 589 852 640 hae
870 589 908 640 ita

196 665 356 732 pervulgatae
371 661 442 722 sint,
462 661 571 724 utalia,
589 674 762 728 praeterquam
778 659 906 728 figurata,

195 734 340 786 fabularum
352 733 559 784 verisimilitudo
574 734 616 783 hic
628 733 717 783 locum
733 733 848 800 reperire
864 748 908 782 ne·

150 849 158 859 ,
197 821 285 874 queat.
308 806 417 857 Excludi
437 819 525 856 tamen
545 806 575 856 ab
593 806 640 856 hac
660 803 824 872 possessione
852 819 909 856 noa

199 881 315 940 debent,
335 895 417 946 quum
436 878 487 928 suae
499 877 633 946 dignitatis
651 875 826 946 praerogativi
840 877 908 928 hanc

197 965 340 1020 utcumque
366 953 442 1002 bonae
466 951 575 1018 poesios
600 967 691 1002 notam
714 950 908 1018 compensent,

199 1039 343 1092 contraque
372 1025 497 1076 obsoletae
530 1023 692 1092 antiquitatis
725 1023 882 1074 memoriam
902 1061 909 1085 ,

199 1099 312 1166 quadam
329 1114 415 1148 rerum
441 1095 571 1160 majestate
591 1099 760 1165 praevaleant.
784 1095 857 1160 Quin
883 1095 910 1146 ἃ

197 1172 288 1221 multae
303 1169 451 1220 sandiorum
468 1171 579 1220 heroum
593 1170 676 1230 vitae,
696 1185 781 1238 neque
795 1167 911 1220 vetusia-

198 1242 233 1294 tis
248 1241 436 1293 obliteratione
448 1242 554 1308 sepultae
566 1281 573 1304 ,
591 1259 676 1309 neque
689 1241 788 1293 recenti
799 1241 911 1292 nimidn

198 1312 328 1364 memorii
343 1313 396 1364 suis
411 1314 523 1364 omnino
537 1313 736 1364 circumstantiis
748 1315 910 1379 exploratae,

198 1385 337 1453 Epopoeiae
349 1401 435 1452 partes
447 1387 555 1452 explere
566 1384 681 1452 possunt.
693 1384 821 1436 Eustachii
832 1385 911 1438 unius

198 1458 268 1515 inter
291 1458 415 1524 prospera
441 1472 519 1525 atque
542 1457 648 1509 adversa
671 1457 838 1520 constantia,
859 1475 910 1525 pro

199 1529 303 1582 Christo
313 1529 409 1582 amisiae
420 1569 427 1592 ,
440 1547 469 1582 ac
479 1545 589 1596 receprae
600 1547 660 1582 cum
670 1529 817 1582 honoribus
830 1547 911 1598 opes,

200 1601 279 1670 quim
297 1602 374 1672 digna
384 1603 466 1670 Epico
483 1603 604 1654 materies
622 1607 627 1656 Ξ
645 1605 716 1655 Adde
733 1602 786 1668 iam
803 1605 912 1654 alteram

198 1675 312 1726 sortunae
329 1676 548 1739 revolutionem,
565 1691 643 1744 atque
659 1693 694 1728 ex
709 1675 813 1728 miliriae
824 1678 912 1744 Impe-

199 1762 288 1800 ratore
301 1749 476 1802 fortissimum
488 1764 646 1818 martyrem,
658 1750 764 1800 alterius
776 1751 831 1801 haec
841 1750 912 1816 Epo·

200 1821 281 1888 poeiae
300 1839 341 1874 res
362 1823 421 1878 orit.
441 1825 497 1874 Nec
514 1821 575 1874 san‘e
593 1821 675 1872 obstat
694 1821 789 1873 infelix
805 1821 912 1884 exitus,

200 1910 258 1946 tum
273 1893 345 1962 quod
361 1896 385 1946 is
401 1895 459 1946 sine
476 1911 565 1946 errore
582 1895 717 1945 &scelere
729 1895 760 1944 ab
776 1893 921 1944 Eustochio,

200 1965 272 2018 ultro
283 1981 404 2034 acceptus
415 1966 510 2028 fuerit,
529 1981 585 2016 tum
602 1964 673 2034 quod
687 1967 823 2017 communi
835 1964 913 2017 Chri-

200 2038 343 2090 stianorum
359 2039 451 2100 sensu,
467 2038 562 2090 similis
578 2037 739 2106 catastrophe
755 2038 819 2090 sorti
834 2055 913 2091 exce·

200 2124 247 2179 pta
263 2110 354 2162 animo
370 2111 521 2162 felicissima
537 2112 670 2164 habeatur.
691 2111 857 2163 Feminarum
875 2127 915 2162 ta·

201 2185 264 2236 me'n
283 2184 387 2253 egregia
406 2184 523 2236 facinora
543 2183 680 2252 Epopoeiae
701 2201 757 2236 non
777 2186 913 2237 debentur.

201 2255 267 2308 Haec
287 2259 358 2308 enim
379 2258 515 2325 disciplina
533 2257 676 2310 imbelliori
695 2257 758 2310 huic
777 2258 852 2310 sexui
872 2274 915 2309 re·

201 2343 276 2394 perta
296 2346 351 2380 non
373 2329 429 2388 esi3
457 2347 542 2398 neque
563 2330 630 2382 viris
649 2331 754 2382 illatum
774 2329 864 2400 imago
883 2332 915 2382 ad

201 2402 329 2466 virtutem
349 2405 521 2470 proponenda
540 2404 665 2462 videtur,
688 2399 774 2472 neque
796 2419 915 2456 rarorum

201 2475 377 2528 consiliorum
389 2492 586 2544 eventuumque
598 2516 606 2540 ,
619 2477 700 2530 etiam
711 2492 785 2528 extra
796 2479 893 2529 bellum
906 2515 914 2538 ,

202 2562 309 2614 capaces
327 2550 473 2602 censentur.
492 2551 551 2602 lmb
569 2567 618 2602 nec
636 2550 688 2602 illae
705 2549 772 2600 viris
789 2548 866 2600 facil'e
884 2550 915 2600 acl

202 2619 309 2671 heroica
320 2622 436 2673 facinora
447 2623 583 2691 jungendae
596 2641 604 2680 3
624 2624 695 2688 quod
705 2621 788 2673 sicubi
801 2621 895 2672 fassum
906 2659 914 2683 ,

202 2690 277 2743 virili
289 2692 315 2744 id
328 2693 382 2746 fere
394 2695 483 2745 lrabitu
497 2732 503 2753 ,
518 2694 684 2744 dissimulato
700 2693 782 2754 sexu,
798 2693 857 2742 sunt
868 2709 915 2743 au·

203 2762 255 2826 sae,
271 2781 327 2815 non
342 2766 472 2817 suadendo
484 2763 590 2816 feminis
606 2763 764 2815 discrimine.
785 2763 858 2828 Quin
874 2777 914 2814 ta·

201 2852 265 2888 men
280 2836 308 2886 in
318 2837 450 2906 Episodiis
464 2835 566 2889 admitti
581 2835 704 2889 mulieres
720 2835 843 2905 possint,
859 2853 918 2889 noa

202 2924 335 2979 repugno.
638 2917 640 2920 ’
