2072 3672
135 227 405 314 'Clitum
435 225 567 312 [η.
598 224 692 313 IV.
730 238 809 336 157

59 390 161 445 Omne
170 371 252 461 genus
261 390 441 460 juvenumque
449 388 591 459 virllntque
600 407 647 460 per
657 390 717 444 avia
727 390 780 445 fusi

59 487 200 541 Certatim
211 489 347 558 indulgent
357 489 464 557 epulis',
472 488 622 557 viridesque
633 505 680 556 per
689 489 788 540 hetbat'
835 526 836 530 ,

58 581 214 636 Instaurant
223 585 323 638 mensas
334 585 460 653 dapibus,
471 584 610 654 pretioque
619 586 740 638 laborant

59 680 174 734 Irritate
184 680 296 746 Guhrn,
310 684 337 735 ἀ
347 683 451 735 Luxum
461 683 590 736 leuantur
600 683 721 736 inertem.
741 687 747 694 ”

60 776 205 846 Quidquid
214 794 316 848 pontus·
321 781 412 839 habet,
422 767 698 850 peregrinaque'litota
708 781 812 842 tetumj

60 874 261 942 Suppeditaut3
274 873 401 945 quidquid
409 877 545 944 sylvarum
555 857 767 926 conditurantris
774 875 786 936 .’

62 970 122 1020 Aut
132 970 242 1023 fecunda
250 971 319 1039 parit
327 973 420 1034 tellus,
430 985 474 1023 aut
483 972 573 1022 educat
582 970 625 1021 aet
637 1007 648 1032 ,.

64 1049 811 1135 Vistirnaventrisernt3cunelahuncelementasaginant

62 1162 219 1217 Innumeris
228 1162 329 1230 spoliis.
340 1163 368 1216 si
378 1181 441 1233 quas
452 1163 613 1233 Gangeticus
623 1163 703 1215 uther

64 1259 162 1312 Nutrit
173 1275 250 1326 aves,
260 1245 412 1330 Aquiloque¹
422 1262 488 1314 feras
499 1300 506 1324 ,
518 1260 666 1329 Oriensque
680 1257 809 1323 locustae,

65 1356 125 1408 Hes
136 1356 217 1409 ambit
226 1357 341 1426 pretiosa
350 1359 441 1410 Fames
452 1377 459 1410 ι
470 1357 607 1426 mulosque
618 1395 625 1420 ‚
635 1357 781 1425 luposque,

67 1454 102 1504 Et
114 1453 222 1522 squillas
233 1468 340 1516 tenues,
352 1453 497 1522 Siculoque
506 1453 534 1504 in
544 1453 645 1522 gurgite
655 1467 714 1504 nata

68 1548 178 1611 Ostrea,
189 1550 368 1618 muranasque
379 1565 489 1617 petunt3
500 1549 566 1601 stant
574 1553 652 1618 longa
660 1550 773 1602 serarum

68 1644 202 1714 Agmina,
215 1646 241 1697 &
252 1645 280 1696 in
289 1647 369 1712 plena·
375 1645 476 1696 circium·
482 1645 594 1698 statione
602 1648 721 1698 locantur
774 1648 778 1660 '

70 1741 225 1794 Mensarum
234 1741 362 1792 illecebtae
373 1759 380 1793 ι
392 1739 477 1810 jungit
486 1741 512 1792 se
523 1756 614 1808 caprea
625 1742 723 1808 captis,

70 1837 199 1890 Ficedulae
209 1835 295 1889 cervis
308 1855 317 1897 ·‚
329 1835 415 1905 lepori
424 1835 521 1888 sociata
530 1838 649 1889 columba
661 1836 714 1900 est,

71 1934 176 1986 Turdus
188 1951 252 2002 apro
263 1953 271 1994 3
281 1933 426 2004 pinguique
438 1948 528 1986 natant
538 1933 616 1989 simul
628 1933 718 1986 omnia
728 1931 794 2000 iure·

73 2031 247 2082 Conveniunt
258 2031 326 2084 Afrae
336 2033 474 2096 volucres,
486 2031 513 2084 δι
522 2031 639 2084 Phasidis
648 2034 700 2084 ales
710 2070 724 2098 ,,
745 2023 748 2028 ”

72 2127 113 2178 Ac
123 2127 236 2180 Getulus
245 2145 316 2196 oryx
324 2167 334 2192 ,
341 2145 397 2180 non
405 2129 498 2180 ultima
507 2130 590 2196 gloria
600 2131 710 2183 mensaea.

73 2223 124 2275 His
135 2239 227 2274 omnes
237 2236 341 2273 certant·
347 2221 432 2287 epulis
443 2219 504 2273 z'hic
515 2223 615 2272 lumina
626 2223 726 2290 carpit,

73 2318 191 2372 Pascitur
202 2316 245 2368 hic
256 2317 377 2379 cerebro,
390 2316 491 2385 linguas
502 2316 547 2368 hic
556 2317 654 2370 lautior
668 2318 766 2380 anrbit3
838 2305 840 2310 ¹

73 2415 132 2468 Nec
144 2412 196 2464 nisi
204 2429 260 2464 rara
269 2415 381 2480 placent.
394 2413 491 2482 Magna
501 2411 537 2465 est
548 2413 671 2466 industria
680 2416 803 2482 ventrisg,
838 2431 842 2438 ’

75 2509 238 2562 Milleltabet
247 2506 358 2560 artifices
367 2547 375 2573 ,
385 2510 411 2560 δι
422 2509 531 2560 nomina
541 2509 614 2560 mille
623 2510 752 2567 ciborum.

75 2603 185 2674 Dapsile
195 2607 290 2673 vulgus
300 2619 378 2670 ovat,
391 2608 528 2675 multoque
540 2604 620 2659 affusa
628 2607 740 2662 Falerno

77 2704 149 2754 Cena
158 2700 244 2752 madet
254 2719 262 2760 3
272 2701 363 2769 posito
372 2716 505 2755 mutantur
515 2705 625 2755 Caecuba
638 2703 707 2756 Chio
717 2722 725 2757 ε

76 2799 152 2853 Nunc
163 2798 252 2849 succus
265 2801 350 2865 placet
357 2816 392 2852 ex
401 2815 452 2852 uva
462 2798 586 2852 dedustus
596 2801 668 2852 lbera
678 2838 687 2864 ,

77 2893 805 2968 NuntlarrdemMareotishtbet,nunc1-etbiavincmt
