2086 3652
211 284 253 356 18
409 281 720 352 HsnotcA

204 404 351 458 absolvitur
366 421 374 458 t
389 403 426 458 ita
440 405 558 472 implexa
573 403 601 455 in
618 421 676 455 eant
693 419 800 473 quoque
815 402 923 456 utrobi-

206 495 258 547 que
270 479 387 542 secatur,
406 495 463 546 quae
475 477 582 529 admissi
595 477 624 528 in
635 477 810 544 perplexitate
823 478 926 529 erroris

207 551 372 620 agnitionem
389 551 484 613 habet,
503 552 531 601 &
546 551 625 602 aliam
640 566 698 618 quae
718 549 749 602 ed
764 547 925 603 destituitur.

207 623 308 676 Prioris
326 624 429 693 generis
446 621 562 690 Odyss'ea
579 622 634 686 est,
655 622 700 673 ubi
721 621 790 674 inter
810 639 850 674 res
870 621 925 674 im-

207 695 318 765 plicatas
339 693 617 747 modd'Telemachus
633 697 785 746 redeuntem
803 709 926 762 patrem,

208 767 291 820 modd
307 771 428 820 eumdem
447 767 564 819 Euriclea
578 785 613 819 ex
627 767 763 829 cicatrice,
774 766 855 820 modd
872 768 927 820 Pe·

209 842 324 908 nelope,
345 857 375 892 ac
393 839 506 909 denique
527 841 674 892 &Laertes
693 855 767 908 pater
785 839 926 908 agnoscit,

211 929 272 964 cum
287 914 400 966 fortunae
415 912 589 966 inclinatione
607 927 685 982 atque
703 913 836 980 insperato
855 913 928 964 fabu-

209 987 242 1038 1ae
260 987 343 1038 totius
360 987 446 1040 exitu.

249 1060 295 1121 4⁰.
320 1060 493 1112 Conveniunt
510 1059 541 1111 in
559 1057 632 1122 sine,
654 1058 700 1128 qui
722 1057 758 1110 est
776 1057 928 1110 moderatio

213 1147 358 1200 pravorum
371 1132 511 1186 affectuum
524 1153 531 1185 z
544 1149 605 1184 nam
618 1130 748 1200 Epopoeia
761 1131 833 1183 illam
846 1147 928 1199 quant

211 1206 324 1267 laudat,
345 1205 433 1256 suadet
459 1206 587 1257 virtutem
605 1223 613 1264 ·‚
636 1223 694 1273 qum
713 1203 814 1255 metitis
836 1203 926 1271 poenis

212 1276 318 1345 castigat
332 1277 418 1341 vitia,
438 1280 528 1330 eadem
544 1276 678 1329 dissuadet.
695 1277 854 1344 Tragoedia,
868 1293 928 1328 cot·

213 1349 286 1400 tedio
305 1363 399 1412 metu,
420 1350 538 1401 animum
557 1351 589 1400 ad
608 1352 686 1400 ardua
705 1349 845 1412 facienda,
865 1365 928 1416 per-

213 1421 388 1489 petiendaque
413 1422 533 1482 stabilit3
560 1424 632 1490 quod
658 1422 687 1473 in
707 1421 823 1474 heroicis
847 1421 929 1473 etiam

214 1496 306 1546 locum
326 1495 413 1546 habet.
829 1523 837 1532 κ

251 1566 310 1618 Jam
324 1565 392 1619 verd
409 1566 503 1635 quibus
520 1565 589 1619 inter
606 1567 634 1619 se
653 1565 824 1630 dissentiant,
836 1565 929 1635 paucis

216 1637 297 1690 etiam
315 1639 506 1691 observandum
521 1639 567 1692 est.

245 1709 381 1764 Differunt
399 1715 441 1767 1⁰.
457 1711 679 1780 QuddEpopoeia
689 1711 929 1777 astionemunam,

216 1783 343 1852 episodiis
359 1786 503 1838 fabularum
519 1785 578 1836 sive
594 1784 745 1836 fissionibus
763 1784 873 1852 aliisque
888 1801 931 1836 ac-
954 1823 960 1826 -

216 1857 353 1922 tionibus,
366 1875 475 1926 quarum
485 1857 595 1926 singule
606 1873 653 1924 per
660 1857 689 1928 se
705 1855 863 1909 constituere
870 1858 932 1910 Tra·

217 1931 333 1998 goediant
348 1931 472 1998 possint,
487 1944 617 1992 exornet,
633 1943 663 1978 ut
677 1928 807 1994 proinde,
823 1929 931 1982 testante

218 2001 403 2069 Philosopho,
422 2003 451 2053 in
470 2018 522 2053 una
540 1999 672 2069 Epopoeia
686 2003 776 2052 multae
794 2001 848 2053 sint
866 2005 931 2055 Tra·

218 2073 333 2142 goediae,
354 2073 383 2125 in
399 2074 441 2127 his
456 2071 523 2126 vetti
539 2090 591 2124 una
607 2072 711 2126 tantt'rm
729 2073 846 2142 simplex
863 2075 932 2128 assio

218 2146 342 2198 brevibus
358 2161 436 2216 atque
450 2164 486 2198 ex
502 2145 549 2198 illa
559 2146 629 2198 natis
645 2147 855 2215 implexionibus
867 2188 880 2212 ,,
889 2163 932 2201 aut

219 2218 302 2271 etiam
318 2219 445 2286 episodiis
458 2220 544 2272 soidm
558 2219 751 2289 amplificetur,
763 2236 841 2290 atque
857 2237 931 2274 exot-

210 2306 307 2344 netur.
327 2292 370 2345 Sic
393 2294 501 2362 Ulyssis
520 2296 589 2361 apud
616 2293 711 2346 Circen
735 2295 880 2362 hospitium
906 2296 932 2346 dt

221 2363 356 2416 sociorum
386 2366 548 2433 permutatio
575 2383 605 2418 ac
634 2366 764 2419 restitutio
795 2367 932 2418 comoedis

222 2435 355 2490 astionem
369 2442 493 2507 expleat,
508 2439 549 2492 uti
563 2439 592 2490 in
605 2441 697 2492 eadem
711 2439 827 2508 Odyssea
841 2457 932 2508 proto·

217 2527 282 2574 ‚rum
297 2510 456 2582 interceptio
476 2528 554 2581 arque
572 2512 667 2565 inselix
685 2512 773 2564 exitus
788 2513 932 2582 Tragoedia

155 2652 159 2658 Ι
223 2583 351 2646 sufficiet,
370 2603 452 2653 quum
469 2601 562 2637 neutra
578 2587 675 2638 horum
684 2584 821 2653 Epopoeiae
838 2585 932 2653 aequari
952 2649 956 2658 ¹

222 2657 319 2722 possit.
340 2658 419 2710 Ratio
441 2660 538 2709 horum
557 2657 616 2718 est,
644 2657 704 2723 quia
726 2657 853 2724 tragoedia
876 2659 931 2708 bre·

223 2727 344 2781 vioribus
357 2730 477 2781 terminis
490 2729 518 2779 in
530 2730 632 2780 theatro
644 2730 816 2794 proponenda
827 2727 932 2779 circum-

224 2799 344 2853 scribitur
356 2841 364 2865 ,
380 2801 511 2870 Epopoeia
521 2801 563 2852 his
574 2799 675 2868 legibus
688 2799 817 2868 metisque
827 2815 883 2852 non
894 2802 932 2854 ad·

225 2871 368 2946 stringitur.
