2086 3652
326 329 610 415 Pousis
782 369 826 446 ῃ

113 460 201 516 titulos
215 460 336 534 faciesque
352 466 452 518 minutas
469 465 585 534 concisam
602 467 664 534 effe,
686 485 778 537 parurn
802 473 834 522 ad

114 538 220 606 pondus
239 537 368 590 orationis
389 539 467 603 facit,
483 554 513 592 ut
532 540 655 604 utillud,
675 544 747 610 quod
763 544 831 610 pipe-

114 611 148 661 ris
176 627 296 678 coemptor
316 611 434 675 dicatur,
456 614 538 665 nubes
563 611 631 668 verb
655 615 722 682 nigra
743 614 833 690 fascia.

118 682 188 748 Quae
204 696 235 734 ut
245 683 373 754 Satyricis
387 685 508 738 versibus
529 687 643 750 idonea,
659 687 704 740 ubi
719 687 833 740 ridiculo

112 753 264 808 inservlunt
281 776 289 817 ·‚
306 757 342 809 ita
364 758 477 811 heroicos
498 759 574 827 poesi
599 759 712 812 minim'e
733 777 831 814 conve·

111 827 200 880 niunt.
223 830 290 881 lllud
312 828 403 895 veri),
433 834 506 900 quod
527 834 597 886 dicat
617 853 698 902 (onom
721 835 782 884 laeva
807 836 831 885 Θ

111 900 189 966 morsu
204 903 362 965 tenendam,
379 904 485 966 malim,
507 922 548 956 aut
557 905 633 973 morsu
647 907 693 956 vel
705 905 809 972 morsuve
820 925 830 966 ,-

112 972 176 1026 aliis
194 975 268 1026 enim
287 977 442 1028 alterutrum
460 978 586 1029 redundat
605 996 613 1029 t
634 993 784 1046 quanquam
805 979 833 1032 δι

111 1045 227 1099 heroicis
244 1045 382 1116 indignum
398 1049 528 1101 videatur.
867 1047 870 1054 ’

147 1119 188 1171 Ex
203 1119 319 1171 heroicis
338 1137 396 1188 quae
415 1119 558 1172 mediocris
580 1119 639 1172 sunt
657 1119 831 1184 charadieris,

111 1190 200 1260 aliqua
217 1192 391 1247 resolvamus.
408 1193 452 1246 Sic
468 1192 619 1266 Virgilius,
634 1192 681 1250 lib.
705 1206 717 1261 3
731 1232 740 1259 ,
756 1193 832 1247 navi·

110 1278 203 1337 gentes
218 1265 359 1320 describit:

400 1419 405 1428 ·
426 1407 488 1460 Turn
499 1407 567 1462 litore
578 1408 656 1462 lunen

108 1491 229 1560 nrnpere,
244 1492 392 1560 excelsosque
403 1493 467 1558 jubet
476 1495 552 1547 laxare
562 1495 681 1550 rudentes.

108 1579 220 1632 Tendunt
231 1580 281 1631 vela
295 1581 343 1630 nori
356 1595 363 1635 ς
379 1579 476 1647 fugimus
491 1582 643 1648 spumantibus
654 1582 741 1647 undis,

110 1669 168 1735 Qui
180 1667 269 1717 cursum
278 1667 402 1732 ventusque
413 1667 599 1734 gubernatorque
608 1669 735 1720 vorabant.

110 1757 162 1813 Jarn
175 1754 253 1806 medio
263 1765 357 1820 apparet
366 1752 434 1804 {ludu
444 1754 565 1825 nemorosa
577 1755 724 1820 Zacynthos,
736 1756 787 1810 dre.

107 1843 170 1897 Mor
182 1843 207 1893 ἀ
219 1839 326 1892 Leucate
338 1839 441 1891 nimbosa
452 1842 571 1892 eacumina
584 1841 686 1905 montis,

107 1933 138 1986 Et
149 1931 285 1984 formidatus
297 1929 368 1981 natrtls
379 1930 478 1998 aperitur
489 1929 587 1997 Apollo.
600 1930 650 1982 &n

144 2067 215 2118 Tum
226 2065 316 2117 surrent
328 2063 441 2131 diripere
453 2063 547 2129 litore,
563 2065 589 2117 &
603 2061 722 2117 exeull'os
733 2065 827 2118 ruden-

109 2150 150 2192 tes
163 2137 236 2204 jubet
250 2139 347 2190 laxare.
359 2137 425 2188 Noti
439 2140 499 2190 vela
514 2141 643 2198 tendunt,
662 2138 687 2188 δι
699 2137 825 2205 spuman-

109 2212 180 2264 tibus
195 2209 272 2263 undis
290 2210 423 2278 fugimus,
442 2209 493 2276 qui
511 2226 606 2260 ventus
624 2211 825 2276 &gubernator

109 2285 212 2336 cursum
232 2283 371 2335 vocabant.
384 2282 397 2334 J
401 2298 441 2332 arn
453 2281 591 2332 nemorosa
605 2281 632 2330 in
642 2280 724 2332 fludlu
734 2281 825 2333 medio

109 2356 262 2427 Zacynthos
280 2369 387 2422 apparet
407 2373 414 2413 ·,
434 2370 463 2405 ac
481 2370 546 2405 mox
566 2353 684 2404 nimbosa
702 2354 824 2405 Leucatae

108 2430 209 2482 montis
226 2431 380 2490 cacumina,
401 2427 539 2496 nautisque
550 2426 705 2478 formidatus
723 2427 823 2493 Apollo

108 2517 233 2554 aerrtur.

124 2519 176 2626 pln
195 2588 207 2639 3
231 2573 288 2625 &6
304 2573 383 2625 versu
398 2571 503 2640 poetica
525 2573 585 2624 sunt
609 2570 746 2640 epitheta,'
763 2569 824 2640 spu·

107 2647 224 2699 mutibus
243 2647 270 2697 dt
284 2643 395 2712 nimbosa.
416 2646 520 2698 Phrasis
543 2647 607 2698 item
633 2659 689 2696 tora
715 2644 742 2696 in
760 2657 772 2710 3
795 2645 822 2697 δι

108 2736 128 2783 4
143 2719 260 2772 carmine
278 2719 374 2786 poesin
391 2719 467 2770 sonat
485 2737 493 2777 ·,
513 2735 599 2772 cetera
615 2718 700 2787 prosae
719 2717 822 2782 affinia,

108 2792 162 2846 nisi
180 2790 252 2861 qudd
262 2793 335 2861 flut‘lu
350 2807 400 2859 pro
410 2793 520 2859 fluetibus
534 2793 640 2860 usurpet
654 2811 660 2844 ι
672 2793 737 2842 hanc
749 2791 822 2842 enirn

107 2865 264 2920 ¹var'rntrstenr
289 2863 318 2915 in
347 2863 436 2932 phrasi
464 2866 547 2934 magis
579 2878 648 2916 amat
679 2863 822 2931 Virgilius.

107 2937 269 3000 Claudianus
295 2937 322 2990 ἃ
346 2936 444 2990 Statius
469 2939 555 3006 tropis
578 2938 645 3060 ἱππικὸς
660 2937 823 3018 'plerumque

659 3024 678 3073 ²1
699 3027 703 3034 ·
