2086 3652
319 295 602 364 Poasrn
778 321 818 390 m

140 413 278 469 Differunt
296 416 340 469 2⁰.
358 406 438 483 Qudd
453 415 582 486 tragoedia
600 416 689 468 dranm
710 414 747 470 sit
761 417 821 472 sive

102 487 302 558 repraesentatio
314 506 400 541 rerum
415 489 563 559 gestarum,
574 505 622 558 per
633 487 713 541 alias'
706 507 735 540 m
746 490 821 562 rhea·

102 574 148 614 tro
165 561 290 650 personas
307 575 429 646 agentes,
448 564 525 623 dara·,
542 580 625 631 quum
636 562 805 630 Epopoeia
784 579 822 615 sit

102 634 208 686 tannim
227 635 380 688 narrative:
398 634 462 687 δι
441 652 465 686 sr
483 652 548 704 quas
566 635 692 702 personas
708 633 822 704 figurare

103 705 228 772 inducat,
246 707 287 759 hae
304 723 399 776 praetet
416 707 499 760 solam
522 707 667 761 dictionem
683 707 752 759 nihil
771 725 821 760 ex·

101 778 211 832 hibeant
221 820 231 845 ,
241 798 323 849 quum
340 781 370 833 in
381 781 530 834 dramaticis
545 781 603 834 vita
618 781 674 850 ipsa
683 779 821 851 gestusque

103 853 206 922 agentis
222 870 283 906 cum
300 855 454 906 elocutione
469 852 599 923 jungatur.

137 924 274 978 Diffetunt
294 928 337 992 30.
358 925 439 993 Qudd
460 944 542 996 quum
559 926 694 996 Epopoeia
716 927 821 978 tantiam

102 998 235 1051 narrative
244 999 299 1062 sit,
316 1000 468 1052 admiranda
482 997 582 1067 plane,
600 1014 679 1066 atque
695 998 775 1050 etiam
791 998 823 1050 in

102 1069 230 1138 episodiis
252 1071 408 1139 portentosa
431 1086 510 1140 atque
539 1070 705 1124 incredibilia
733 1069 824 1138 possit

102 1141 244 1206 inducere,
267 1142 350 1196 modd
373 1158 481 1206 tamen,
506 1157 537 1196 ut
560 1141 657 1206 docui,
679 1141 820 1210 figuratam

101 1215 364 1270 verisimilitudinem
383 1216 537 1283 possideant
557 1233 565 1275 3
584 1233 642 1285 quae
660 1215 689 1266 in
707 1216 820 1284 Tragoe-

102 1288 171 1340 diam
184 1304 231 1351 ,ut
249 1305 308 1356 quaa
323 1290 424 1360 agendo
441 1288 520 1342 simul
536 1289 745 1357 representanda
764 1287 821 1352 est,

102 1377 159 1414 non
176 1363 281 1416 cadunt.
313 1385 317 1395 ·

137 1431 274 1485 Differunt
295 1435 340 1496 49.
362 1435 440 1503 Stylo
462 1452 491 1488 ac
507 1433 636 1487 scribendi
652 1450 748 1504 genere
768 1451 819 1484 nu·

101 1504 258 1572 meritique,
279 1523 360 1572 quum
379 1508 511 1575 Epopoeia
529 1507 665 1560 heroicam
688 1504 797 1575 plane'
791 1522 822 1558 in

100 1576 265 1630 hexametris
282 1577 437 1644 dignitatem
456 1580 590 1647 requirar,
607 1595 750 1648 contraque
769 1595 821 1630 rra·

102 1649 193 1718 goedia
208 1665 222 1698 a
236 1649 420 1700 declamatoria
430 1651 479 1702 hac
496 1651 644 1719 gravitate,
659 1654 691 1703 ad
704 1651 822 1704 familia·

103 1736 161 1772 rem
180 1719 290 1788 propiis
313 1719 457 1772 didiionem
480 1722 658 1789 adllringenda
685 1722 745 1785 sit,
770 1740 821 1776 uec

101 1791 305 1860 hexametrum,
329 1792 382 1846 nisi
404 1791 474 1846 fort'e
499 1795 532 1846 ad
555 1795 692 1846 oraculum
710 1795 822 1846 redden·

103 1865 185 1929 dum,
199 1863 329 1919 admittat.

103 1993 815 2068 ffiffissfffffflm

287 2127 544 2200 CAPUT
593 2131 638 2200 V.

132 2249 215 2340 ραι
238 2249 307 2316 sint
339 2249 475 2314 materie
493 2297 504 2333 ‚
522 2248 583 2337 feu
606 2250 796 2336 quantitatis

294 2345 329 2412 in
344 2343 500 2434 Epopoeia
511 2362 629 2432 partes.

103 2475 374 2592 Drvrnrrun
389 2531 521 2602 Epopoeia
538 2531 568 2586 in
577 2532 739 2597 Exordium,
755 2535 820 2587 Nar·

103 2611 252 2675 rationem,
272 2608 414 2679 Episodia,
432 2607 597 2660 ornamenta
607 2606 703 2658 horum
719 2607 746 2660 dr
760 2607 820 2677 Epi·

103 2685 466 2810 log1u²mlr'rr‹›rdr‘rrrrrcontinet
480 2750 695 2822 propositionem
706 2749 744 2804 rei
759 2751 821 2804 scri·

103 2829 219 2886 bendae.
244 2846 323 2898 quarn
337 2828 454 2881 breviter
473 2829 500 2879 δι
518 2823 654 2895 perspicue
674 2826 709 2876 ob
725 2827 820 2878 oculos

104 2901 267 2966 collocabis,
285 2918 342 2954 non
361 2900 504 2970 exquisitis
520 2902 553 2952 ad
566 2898 658 2954 salium
673 2911 819 2950 tumorem·
