2072 3672
214 253 292 330 150
388 245 767 332 Saneorrs.

209 407 306 480 Pingui
317 411 500 480 oleo;speque
508 409 564 480 ipse
572 407 821 478 auricorrumpitur
835 425 964 473 aurum,

209 504 243 557 Er
253 507 367 575 perdunt
376 507 498 577 proprias
509 509 617 562 confusa
629 509 736 560 metalla
747 505 867 576 figures.

210 602 310 658 Fraude
321 619 414 674 tegunt
422 604 529 658 aconita
539 604 635 674 scyphi
645 641 652 668 ‚
664 603 816 672 vinumque
829 619 958 658 veneno

211 697 348 764 Proditur‚
360 701 386 752 δι
397 700 487 768 posita
496 703 615 754 celantur
626 698 716 752 toxica
727 697 823 750 mensa

210 797 348 850 Divitibus
360 817 367 850 ι
379 797 446 866 saepe
455 797 508 850 hoc
517 797 619 848 donum
628 794 665 847 est
674 793 779 847 heredis
787 793 885 846 avari.

247 891 296 946 Par
307 893 391 946 Usura
400 893 475 946 Dolo
484 889 538 946 est:
550 906 639 944 tamen
648 889 803 942 insatiabilis
815 891 896 943 ultra

210 989 348 1059 lngluvies
359 1003 468 1058 peccat,
481 989 608 1057 nulloque
620 985 761 1056 explebilis
772 1001 844 1039 aruo

211 1085 283 1137 Inter
292 1101 372 1154 opes,
383 1086 513 1140 mendicat
523 1085 617 1154 inops,
632 1079 776 1152 sterilisque
788 1081 901 1136 metalli

212 1180 378 1250 Mancipiunr
389 1219 396 1245 ,
410 1180 560 1250 cultrixque
569 1195 659 1232 amens
668 1179 788 1230 mercede
799 1178 951 1232 locandum

212 1275 326 1328 Exhihet
335 1292 471 1346 argentum
482 1315 490 1342 ‚
502 1275 668 1345 nummisque
678 1273 824 1330 vaferrime
836 1291 967 1330 nummos

211 1371 317 1436 Educit‚
329 1372 459 1442 fulvoque
471 1372 536 1442 legit
547 1375 578 1426 de
589 1372 689 1426 semine
700 1370 826 1436 messem,

212 1467 360 1534 Quaslibus
370 1465 515 1538 invigilans
524 1507 532 1534 ,
543 1469 671 1538 tenusque
680 1485 716 1521 ex
726 1469 820 1521 fenore
828 1483 951 1538 captans.

212 1563 291 1616 Nulla
303 1578 392 1617 tamen
401 1564 478 1618 saties
492 1584 499 1618 ε
512 1581 568 1618 non
580 1563 603 1618 si
614 1568 687 1634 pluat
698 1579 791 1616 aureus
801 1563 890 1618 imbre

211 1660 334 1729 Jupiter,
347 1677 391 1714 aut
403 1663 518 1714 Hermus
529 1662 617 1716 rutilis
629 1663 745 1715 exundet
756 1660 864 1727 arenis,

210 1757 250 1809 Ac
259 1759 381 1826 locuples
390 1758 512 1811 Paetolus
522 1759 598 1827 aquis
607 1757 721 1826 pretiosa
731 1761 834 1811 relaxet

213 1855 353 1916 Flumina,
367 1856 393 1906 δι
404 1854 512 1906 undanti
523 1855 660 1922 perfundat
669 1867 774 1923 guttura
782 1852 882 1920 duur,

214 1948 300 2000 Ceffet
309 1965 387 2000 avara
398 1948 466 2000 sitis.
478 1947 571 2000 Minor
580 1947 658 2014 huius
667 1948 756 2019 Lydia
762 1964 832 2002 voto
843 1949 900 2016 etl,

211 2042 411 2112 Pauperiorque
419 2043 517 2113 Tagus.
530 2042 626 2096 Parcos
637 2045 786 2112 culpaverit
796 2047 895 2111 Indos,

212 2136 400 2209 Exiguumque
408 2140 951 2212 Hermum,acrotumsperebitldydadpenr
1014 2133 1015 2158 ³

211 2235 338 2290 Tantalus
348 2275 356 2302 ‚
368 2236 398 2288 in
407 2235 502 2290 mediis
514 2253 657 2306 numquam
667 2236 793 2289 satiabilis
803 2237 891 2294 undis.

244 2333 350 2386 Eminet
358 2333 406 2384 has
418 2331 487 2385 inter
499 2331 613 2387 comites
624 2331 851 2402 violentiorum,

212 2429 333 2484 Audendi
342 2429 468 2494 celebris,
477 2429 621 2498 mrdtisque
629 2427 721 2482 infella
729 2429 842 2498 Rapina.

212 2527 277 2578 Haec
287 2527 485 2596 consanguineo
496 2529 591 2595 gaudet
601 2526 727 2580 Mauorte
741 2565 748 2590 ‚
762 2524 854 2604 fidelis

212 2621 360 2674 Praedarurn
370 2621 504 2683 euadlrix.
517 2623 643 2674 &curvis
654 2622 786 2691 tmguihus
797 2640 895 2692 atrox,

212 2716 341 2786 Autolyci
350 2716 439 2784 neptis
450 2735 458 2775 3
469 2717 565 2772 docilis
576 2734 690 2770 vacuare
702 2719 814 2775 Penates

212 2813 381 2882 Agricoliun,
391 2812 554 2882 pinguesque
565 2831 657 2884 greges
669 2830 789 2868 avertere
799 2817 912 2886 campis,

211 2912 265 2964 Aut
276 2910 379 2968 stabulis
388 2924 504 2966 armenta
514 2910 578 2964 suis.
592 2909 657 2965 Haec
667 2911 725 2966 visa
734 2909 831 2980 repleti
