2086 3652
313 295 597 368 Potor&
689 345 692 358 ·
766 317 818 395 w
903 325 905 330 ·

100 409 163 478 Quis
173 409 238 462 luror
246 410 328 464 arduis
338 426 456 466 oneratam
469 415 583 467 mercibus
593 415 668 468 alnum

98 496 174 550 Vallo
183 496 267 550 lnlerre
277 501 333 552 mari
344 500 355 551 l
365 500 442 553 rabuli
453 501 592 570 dillinguerls
602 502 649 554 und

98 584 187 638 Mortis
196 585 228 636 alt
237 586 318 640 exitio.
328 587 457 650 Tantorum
467 591 534 642 causa
544 591 658 643 malorum

97 673 197 740 ¹Argenti
207 673 281 742 fulgor
290 675 393 744 lucrique
403 678 478 730 insana
489 679 575 746 cupido
586 681 628 734 ell.

98 761 196 828 Fulgura
206 765 346 827 contemnit,
359 766 476 832 carasque
490 781 520 818 err
530 767 591 819 nube
599 768 730 835 procellas,

98 851 214 905 frumeuti
225 851 442 905 inlelirrllomlnus:
455 855 494 921 qui
504 853 600 907 forsitan
610 856 650 907 illd

99 939 178 992 Nolle
189 940 259 993 cadet
269 939 344 992 lradlis
356 940 460 998 tabulis,
472 939 587 1008 dulluque
598 951 715 1007 premetur

99 1026 218 1085 Obrutus,
231 1027 334 1094 serapti
344 1029 414 1080 vitam
425 1041 478 1079 etun
487 1042 567 1080 meree
575 1029 708 1094 profundet.

137 1187 216 1240 Unde
235 1184 338 1254 liquet,
358 1183 579 1254 quemadmodum
602 1198 658 1238 tarn
674 1182 794 1256 Elegiaea
813 1219 825 1246 ,

100 1257 181 1328 qudrrr
201 1259 309 1310 heroica
324 1257 414 1327 poesis
432 1257 596 1314 minutiora,
613 1275 724 1327 quaeque
736 1260 768 1311 ad
783 1257 820 1310 ri·

101 1331 160 1383 sum
181 1333 338 1400 captandum
356 1331 452 1382 idonea
477 1330 556 1393 sunt,
581 1331 719 1385 rescindat.
742 1334 821 1383 Cete-

101 1420 177 1467 rum,
192 1404 216 1456 si
232 1403 373 1471 piscatoria
387 1403 474 1471 aliqua
484 1404 582 1471 Ecloga
596 1403 753 1455 instituenda
764 1404 821 1467 sit,

100 1476 213 1528 minutae
230 1476 310 1528 etiam
327 1478 369 1526 hae
379 1493 420 1528 res
442 1478 532 1527 locum
551 1476 741 1528 invenirentac
759 1491 819 1545 gra·

101 1548 178 1600 tiam.
199 1548 259 1601 Jam
282 1546 350 1599 verd
375 1548 401 1599 δι
426 1547 562 1614 profusior
585 1549 672 1599 multo
695 1548 821 1600 heroicus

100 1620 236 1686 scriptor,
254 1635 311 1671 ιιοιι
328 1617 410 1670 modo
431 1620 573 1687 Elegiaco‚
594 1621 639 1670 sed
656 1620 682 1670 δι
696 1620 822 1688 διιμίεο

101 1689 142 1744 est
160 1708 169 1748 ·‚
187 1705 217 1741 ut
233 1705 268 1741 ex
293 1691 370 1757 supra
397 1690 474 1741 dielis
501 1690 579 1742 facile
605 1691 747 1758 intelliges.
768 1693 822 1742 Hic

102 1761 179 1818 enim
197 1761 276 1813 versu
300 1777 335 1825 2,
356 1761 436 1814 maris
455 1761 544 1813 aestum
571 1761 716 1829 flumusque
736 1762 824 1830 magis

102 1831 202 1890 diserte
214 1849 372 1898 exornaret,
384 1849 414 1886 ut
424 1834 603 1902 periculorum
610 1835 766 1901 quamdam'
759 1850 824 1885 rma·

102 1909 215 1992 giuem,
233 1908 265 1959 ad
282 1906 483 1976 navigationem
502 1907 719 1970 diffundendam,
737 1906 826 1960 oculis

104 1981 270 2046 subjicerem
291 1982 363 2048 quod
379 1996 407 2032 tu
433 1981 586 2051 aVirgilio
612 1992 624 2046 3
649 1979 756 2032 AEneid.
779 1978 843 2032 eos

47 2077 58 2086 ν
101 2053 228 2125 piosirls,
240 2052 319 2121 quam
333 2054 385 2106 hoc
400 2057 463 2108 loco
478 2053 679 2107 necessarium
658 2068 713 2117 srt
728 2051 826 2122 praesti·

104 2140 164 2179 tum
192 2126 324 2180 invenies.
342 2127 413 2179 Satis
437 2127 487 2180 erit
505 2145 562 2180 nou
581 2143 694 2180 ommno
705 2127 827 2190 Boeoto

106 2215 151 2251 me
170 2199 243 2251 viam
259 2200 343 2269 digito
363 2199 467 2268 magis,
487 2201 565 2267 quam
589 2197 702 2266 praefixo
725 2198 824 2262 ubique

106 2273 208 2342 gradu,
224 2269 377 2340 designasse.
392 2271 507 2336 Quod'
487 2287 511 2322 sn
527 2285 616 2320 tamen
633 2268 760 2339 allurgere
772 2284 826 2318 ma

107 2343 150 2413 gis
169 2344 307 2397 scribendo
325 2346 357 2396 ad
375 2343 513 2396 heroicam
532 2331 691 2405 majestatem
713 2342 826 2404 lubeat,

109 2415 148 2469 sic
166 2417 269 2486 loqui
262 2433 291 2468 ru
306 2417 448 2485 proposito
464 2415 589 2484 exemplo
607 2413 718 2478 licebit,

109 2533 171 2602 Quis
181 2532 244 2585 luror
255 2533 356 2584 Ardone
364 2532 473 2586 lndomm
484 2543 562 2584 merce
575 2530 663 2586 carinas
805 2598 807 2602 Δ

108 2622 244 2676 Adversum
252 2621 334 2676 Boreae
344 2622 412 2674 lorias
421 2659 428 2684 ,
437 2619 564 2688 tumidique
574 2618 700 2673 frementes

109 2710 200 2764 Oceani
212 2721 289 2762 motus
300 2705 565 2776 passiseffunderevelis
577 2707 588 2759 i

109 2797 164 2852 Vua
174 2809 254 2852 natans
263 2797 361 2864 pelago
371 2796 448 2848 tnbull
459 2795 587 2864 drspelcrtur
595 2794 641 2847 und

110 2885 239 2942 Horrenda
250 2885 320 2939 exitio
332 2885 413 2936 mortis
420 2883 568 2952 pendetque
577 2881 685 3014 friburg
