2086 3652
306 296 603 374 Porrrn
754 311 800 400 33

83 490 86 496 Ι
121 418 223 494 Eeloga
248 421 285 476 est
306 425 422 476 humilium
434 422 587 492 personarum
605 423 682 492 porris
701 426 803 492 rustica,

83 492 165 565 Epiro
188 494 255 563 uersu
279 497 414 568 megarici,
436 499 480 550 rel,
500 496 649 559 dramatici,
675 500 715 550 vel
739 499 805 552 certi·

84 570 179 619 mixtim
195 570 308 638 erpofitr.

127 651 167 694 ιο.
188 642 312 695 Humiles
328 645 458 712 personas·
470 641 591 712 requirit
614 645 692 699 Tales
713 657 806 699 autem'

85 712 223 782 principio
237 716 288 769 soli
308 717 422 784 pastores
439 717 532 780 luite,
551 719 621 770 unde
632 721 684 771 hoc
695 736 801 772 carmen

85 785 185 839 dicium
201 789 376 853 Bucolicum,
401 789 473 859 quod
486 777 607 858 purius
628 791 705 845 facili
726 792 800 862 prin-

44 871 48 878 ·
84 859 202 926 cipetum
221 861 290 914 inter
308 862 423 930 pastores
443 865 563 920 habeant.
589 867 639 919 His
660 864 727 918 verb
752 866 802 918 tri*

83 931 178 984 burum
190 935 274 997 olim,
292 934 354 1002 quia
372 952 420 1003 per
435 938 538 1003 orium,
559 941 585 991 δι
604 938 733 1006 temporis
751 937 800 988 fnl-

83 1005 156 1058 lendi
167 1007 265 1075 gratii,
278 1008 317 1059 eis
332 1006 452 1060 maxime
465 1025 647 1078 opportunum
658 1009 800 1076 colloquiis

85 1079 227 1148 cantuique
242 1080 386 1148 indulgere.
400 1080 451 1130 Sed
462 1098 544 1148 quum
555 1082 625 1134 ratio
636 1081 708 1132 nulla
720 1079 801 1144 esset,

85 1164 132 1201 cut
148 1151 287 1204 humiliori
304 1151 353 1204 illo
372 1150 584 1224 simpliciorique
608 1152 736 1222 loquendi
756 1170 803 1222 gea

84 1238 168 1286 nere,
188 1241 243 1294 quo
258 1227 311 1276 hoc
331 1239 436 1276 carmen·
453 1227 585 1296 imprimis
606 1225 735 1297 deledipt,
751 1225 803 1278 soli

83 1293 200 1362 pastores
220 1298 291 1349 iuter
308 1309 407 1365 pecora
423 1313 578 1366 urerentur,
598 1299 800 1363 adViuirores‚

84 1367 227 1434 olitores,
255 1371 382 1424 Meliores
405 1389 435 1424 ac
460 1373 625 1438 Piscatores,
650 1372 803 1425 transsatum

83 1444 218 1510 eleganter
226 1445 296 1509 apud
301 1445 586 1509 Sunnaznrium,imnro
597 1447 804 1500 &Theocritum

84 1515 211 1580 reperies.
222 1515 316 1584 Neque
334 1517 477 1584 quidquam
490 1519 586 1584 obstat,
605 1519 672 1589 quin
690 1521 721 1570 ad
738 1517 803 1570 arri-

84 1583 167 1636 ficum
177 1585 357 1654 opificumque
366 1590 483 1641 officinas
493 1593 603 1644 transire
613 1591 708 1660 possit.¹
721 1591 804 1657 Quod

84 1671 175 1708 tamen
190 1658 221 1708 ei
235 1659 293 1723 lege
304 1659 475 1724 preliandum
488 1701 495 1724 ,
516 1678 546 1714 ut
557 1664 655 1732 singuli
670 1662 743 1726 juxta
755 1679 803 1715 cu·

83 1727 180 1796 iusque
204 1728 322 1780 hominis
342 1731 369 1780 ἃ
387 1731 475 1798 operis
498 1737 570 1801 quod
590 1733 701 1796 traebat,
723 1749 802 1786 natu-

85 1817 142 1853 ram
162 1802 307 1868 loquantur
323 1817 332 1858 '2
350 1818 403 1865 ne,
429 1805 500 1872 quod
527 1804 619 1869 aiunt,
641 1805 714 1856 sutor
735 1809 804 1858 ultra

83 1873 219 1943 crepidam
233 1889 241 1931 ι
254 1885 309 1925 non
324 1872 402 1944 qudd'
414 1875 588 1942 interdicam,
601 1893 660 1930 cum
687 1881 804 1931 nonnul·

84 1948 118 2000 lis
139 1945 220 1999 nimis
237 1945 328 2017 rigidis
338 1947 416 2014 hujus
427 1951 551 2004 carminis
570 1949 735 2015 censoribus,
748 1953 803 2004 ser*

84 2035 194 2074 monem
212 2021 244 2073 de
264 2022 340 2075 rebus
365 2024 488 2092 gravibus
508 2025 593 2095 (quis
613 2025 685 2078 eninr
708 2024 801 2094 prohi-

84 2097 145 2148 beat
165 2093 381 2148 rustitohornini
402 2099 434 2148 de
452 2099 556 2168 regibus
572 2099 680 2152 subinde
696 2115 725 2151 ac
743 2101 802 2152 bel·

84 2167 118 2220 lis
134 2169 210 2238 loqui
223 2171 235 2220 i
247 2166 266 2234 )·
275 2169 318 2220 sed
335 2168 407 2238 qubd
422 2185 512 2223 vetem
528 2175 560 2224 de
575 2172 609 2223 iis
625 2170 701 2224 alite't
721 2171 800 2238 quint

84 2240 234 2294 conditioni
243 2239 351 2294 illorum
364 2244 613 2311 conveniat,loqui.
622 2245 670 2294 Ex.
680 2253 705 2311 g:
713 2241 803 2296 Pastor

85 2313 110 2366 si
126 2331 216 2384 regem
233 2316 359 2377 extollat,
377 2315 408 2366 ab
423 2314 486 2383 ipso
499 2314 632 2384 precipui
644 2329 807 2386 argumento·

84 2389 273 2451 commender,
296 2385 369 2456 qudd
391 2387 517 2452 jumentis
545 2389 571 2454 δι
595 2387 734 2454 pecoribus
754 2389 801 2441 sub

84 2458 135 2512 illo
151 2473 211 2512 tuta*
225 2461 292 2512 salus
312 2460 391 2512 fuerit
402 2500 409 2524 ‚
420 2476 555 2531 raptorum
568 2459 737 2512 insolentiam
747 2461 801 2512 fre·

84 2533 171 2602 gerit,
189 2531 344 2601 pascua-sui
363 2535 517 2586 liberalitate
533 2532 638 2585 auxerit
648 2549 656 2591 ·,
668 2533 736 2584 dona
748 2532 799 2604 igi·

84 2617 128 2658 tut
146 2618 189 2658 ex·
199 2621 277 2675 grege
296 2605 403 2675 seliget,
417 2621 475 2674 qute
492 2604 658 2677 gratitudinis
675 2621 744 2676 ergo,
755 2608 807 2658 de·-

85 2680 151 2733 serat
161 2697 169 2738 ι
180 2678 395 2746 comparationes
412 2679 498 2732 etium·
510 2682 536 2732 ἃ
553 2681 675 2748 exempla
689 2678 808 2748 potissi·—

84 2751 158 2804 mrim
177 2767 191 2803 a
206 2751 310 2820 sylvis,
325 2751 400 2820 agris·
413 2767 442 2804 ac
457 2753 599 2820 pecoribus
617 2752 742 2807 desumet.
762 2754 808 2806 ltu

85 2825 202 2879 Piscator
213 2825 309 2876 defuis
323 2823 448 2888 vivariis,
459 2827 576 2890 retibus,
588 2825 702 2894 piscibus
710 2862 721 2888 ,
729 2826 810 2877 aliis·-

85 2911 142 2968 que
163 2897 225 2954 burc
250 2897 328 2968 operi
349 2895 471 2964 vicinis,
488 2900 637 3023 loquetuk:
656 2899 715 2951 hoc.
730 2897 814 2952 enim

624 2994 626 2998 ·
640 2986 672 3024 tu
