2086 3652
328 329 615 402 Porsen
788 351 830 432 ῃ

118 446 232 504 morsum
246 465 257 501 r
273 448 362 504 malim
380 452 466 505 dicere
481 453 550 516 vestie
567 453 701 518 colorem,
720 467 765 508 aut
778 457 836 524 plu·

117 523 193 576 viam
214 524 339 584 combibit,
365 524 444 594 qudm
467 523 563 593 solem,
579 525 643 579 licet
659 528 716 579 haec
735 527 836 580 rariora

117 596 271 651 habeantur.
284 598 392 665 Quanto
409 599 561 668 elegantius,
576 600 604 652 in
622 599 785 668 metaphoris
794 601 834 653 lu·
906 639 909 658 .

116 668 159 721 dit
174 669 323 742 Virgilius,
345 688 427 741 quum
452 673 521 726 vers.
548 688 560 724 r
584 672 671 737 dicit,
697 671 834 726 Glomerare

111 740 227 810 superbos
245 743 331 813 greffrr
343 764 353 804 ς
364 745 434 798 vers.
446 759 477 811 9,
495 747 588 798 sinuare
604 748 698 798 alterna
712 747 834 799 volumina

116 833 207 866 crurum
221 834 231 875 ,¹
245 817 315 870 vers.
335 833 386 876 ιο,
405 820 507 870 cursibus
526 839 595 870 aurae
612 839 743 888 provocare
754 821 763 870 !
774 819 831 872 Mi·

114 887 166 940 ntis
183 889 240 941 hac
255 888 324 942 inter
339 889 432 942 doeios
449 907 525 953 rara,
543 891 604 960 quia
619 894 702 961 magis
719 892 832 952 idonea·,

115 975 165 1012 nec
183 976 272 1014 tamen
287 961 386 1014 idcirco
406 961 493 1015 minus
511 963 638 1026 illustria,
656 963 718 1032 quia
741 979 830 1032 aptam

114 1033 342 1102 comparationem
354 1034 499 1087 involvunt
509 1073 517 1097 ,
529 1034 602 1102 quod
612 1037 674 1103 equi
684 1035 832 1088 inflexione

114 1109 230 1174 pedum,
249 1108 276 1159 δι
296 1109 488 1176 glomerantem
502 1106 566 1171 fila,
588 1106 741 1176 &superbe
759 1107 834 1160 ince-

115 1179 238 1243 dentem,
257 1180 284 1232 &
298 1180 448 1232 sinuantern
465 1179 570 1244 vestes,
585 1179 723 1234 imitentur
738 1199 746 1241 3
765 1181 831 1233 cele·

114 1250 178 1305 ritas
193 1269 288 1306 eorum
307 1269 376 1304 aurae
393 1251 473 1304 etiam
491 1269 547 1304 non
561 1251 697 1306 immerito
713 1253 833 1306 confera-

28 1393 30 1397 .
115 1337 167 1378 rur.
186 1326 222 1378 At
240 1324 304 1393 quid
318 1326 429 1378 mortibus
448 1343 508 1378 cum
515 1323 602 1394 rimo:
622 1325 685 1395 quid
699 1325 830 1379 illustrate

116 1413 131 1447 a
145 1398 201 1450 sole
218 1397 285 1450 vesti
304 1415 365 1450 eum
386 1399 478 1450 bibente
495 1401 509 1451 ‚⁹
526 1399 591 1452 Hac
608 1398 669 1468 quia
686 1399 764 1451 multi
782 1416 830 1466 pa·

114 1485 174 1521 rum
198 1471 357 1533 observant,
382 1487 480 1524 caecum
501 1474 533 1523 de
553 1471 661 1535 Poetis,
684 1472 725 1524 uti
749 1471 830 1524 etiam
871 1529 874 1537 A

113 1540 265 1594 universim
283 1543 314 1592 de
330 1543 419 1611 phrasi
435 1544 618 1612 elegantiaque
631 1545 759 1597 Romana
775 1545 830 1596 lin-

115 1629 174 1682 guae
187 1647 196 1670 ‚
211 1611 338 1677 judicium
357 1629 414 1666 non
430 1614 539 1684 ingenio
555 1617 581 1668 ἃ
597 1617 715 1681 ratione,
732 1618 776 1670 sed
790 1618 829 1670 ai-

114 1683 187 1736 feiiu
210 1684 237 1736 δι
259 1699 357 1735 natura
377 1683 549 1738 inclinatione
569 1690 717 1742 absolvunt.
736 1690 830 1758 Virgi-

114 1755 183 1808 lium
198 1756 286 1822 plures
309 1757 432 1820 laudant,
451 1756 529 1825 quam
551 1757 696 1812 imitantur.
715 1761 829 1814 Laudem

114 1827 258 1880 consensus
285 1828 432 1896 sapientum
456 1843 598 1898 extorquet
618 1848 627 1890 ·,
651 1831 830 1886 imitationem

112 1900 246 1969 privatae,
264 1899 308 1952 sed
330 1915 460 1970 corruptae
484 1902 665 1956 aestimationis
686 1905 831 1972 prescribit

112 1971 276 2036 austeritas,
293 1988 322 2025 ac
347 1972 477 2041 proinde,
494 1989 525 2028 ut
546 1975 621 2028 omni
644 1975 772 2030 familiare
791 1977 829 2030 est

112 2045 205 2110 vitio,
221 2044 434 2112 amplestuntur,
452 2049 524 2115 quod
541 2049 645 2100 laudare
656 2049 686 2102 in
702 2050 760 2102 aliis
772 2067 830 2104 eru·

111 2117 256 2170 bescerent.
267 2118 357 2182 Quare
375 2119 463 2186 plures
478 2120 527 2172 hac
543 2129 620 2173 atate
635 2137 679 2174 aut
688 2121 766 2175 Statii
783 2137 829 2177 aut

113 2188 253 2241 Claudiani
269 2189 419 2241 imitatores
434 2191 549 2256 reperies
565 2191 644 2260 quaint
657 2195 806 2246 laudatores
819 2213 828 2254 3

111 2261 273 2328 pravitatem
289 2261 321 2312 ad
335 2261 510 2312 illustrandam
522 2263 672 2315 orationem
684 2265 827 2332 feriantur,

112 2349 162 2385 nec
173 2333 405 2401 illustresdeniqtte
417 2371 425 2395 ,
435 2349 485 2385 nec
493 2333 545 2384 rari
559 2335 654 2399 futuri,
667 2353 747 2406 quum
756 2339 829 2407 quod

112 2403 273 2474 frequentari
291 2405 394 2474 coepit,
414 2421 501 2458 rarum
519 2423 673 2474 permanere
688 2425 745 2462 non
763 2411 829 2477 pos·

111 2477 157 2529 sit.
174 2477 238 2530 Hac
254 2477 355 2531 idcirco
373 2477 534 2530 enucleatius
552 2477 664 2545 differo,
683 2495 713 2535 ut
727 2481 828 2535 intelli·

112 2565 178 2618 gns,
197 2565 249 2619 qua
260 2550 384 2603 cautione
402 2567 437 2602 ex
448 2549 539 2604 Poetis
555 2549 627 2614 illis,
645 2551 683 2605 ita
700 2555 827 2624 legendus

112 2621 148 2675 sit
162 2624 279 2691 probatae
295 2622 425 2676 orationis
443 2623 551 2688 succus,
566 2637 596 2676 ut
613 2623 673 2691 illa,
689 2643 747 2696 quae
766 2643 826 2681 cru·

110 2693 195 2748 dionis
213 2695 315 2762 saporis
327 2696 401 2761 sunt,
416 2695 591 2768 negligantur.

147 2768 186 2820 Ut
208 2765 276 2820 verri
299 2768 382 2839 magis
400 2783 541 2838 penetres,
566 2783 690 2841 quantam
713 2770 824 2841 Epirum

109 2855 217 2892 carmen
230 2840 289 2892 vim
304 2840 333 2892 in
343 2841 449 2903 verbis,
461 2860 533 2896 nunc
542 2861 668 2907 amoeno,
680 2859 750 2897 nunc
759 2843 829 2896 lror·'

109 2910 191 2979 rido,
210 2927 281 2966 nunc
297 2912 427 2980 incitato,
444 2931 515 2970 nunc
530 2916 642 2970 herenti
660 2932 771 2970 numero
781 2917 824 2969 di·

607 2989 629 3041 C
647 2986 678 3041 iv
