2076 3652
213 270 308 328 sun
339 271 395 328 an
421 244 724 329 Sincornrn.
803 244 847 328 lv

94 380 190 442 nl'on
214 366 360 442 a'destine
382 403 437 442 nos
456 379 594 444 Trines!
614 381 692 442 voila
709 381 751 441 les
772 403 849 442 nou·

95 511 115 546 n
127 506 228 549 veaux
246 483 354 546 favoris
377 486 414 546 de
434 485 570 546 l'Etemel
584 487 591 546 l
607 483 671 566 Qui
695 483 814 546 sont-ils
834 485 848 544 ἓ

94 615 115 648 n
125 588 210 650 D’un
222 587 288 650 εὸτέ
298 588 469 671 j’apperqois
485 612 522 650 en
537 611 593 650 eux
610 605 708 650 toutes
720 587 762 647 les
774 608 848 669 pro·

94 719 115 752 n
125 691 236 774 prietes
254 693 291 753 de
308 693 336 752 la
353 695 473 753 matiere
483 737 494 766 ‚
513 694 573 754 &u

139 795 231 856 Ona
253 794 534 878 sur-toutreproche
558 795 576 856 a
600 793 708 855 Milton
733 793 845 855 d'avoir

95 918 166 982 trop
190 900 270 960 imite
291 899 438 962 Masenius
454 901 524 962 dans
539 900 567 960 la
581 901 775 960 convocation
791 899 845 959 des

94 983 251 1064 De'moris:
269 1025 303 1065 ce
324 1004 465 1086 reproche
483 1003 556 1064 eil-il
571 1001 659 1062 fonde
677 1002 688 1060 ἓ
703 1001 845 1084 lugez-en

94 1128 149 1190 par
166 1128 200 1168 ce
216 1128 273 1189 que
288 1105 318 1188 je
337 1109 399 1169 vais
418 1107 488 1167 dire.
504 1105 546 1166 Le
562 1103 736 1186 Poetevlatin
752 1103 845 1164 decrit

95 1209 166 1272 ainsr
182 1209 354 1274 l’affemblee
372 1210 424 1271 des
439 1208 553 1272 Princes
569 1209 607 1270 de
624 1206 751 1270 l'Enfer:

416 1350 470 1401 Nec
482 1351 550 1416 plura
562 1350 660 1400 locutus

96 1446 172 1497 Arma
181 1444 247 1496 fimul
259 1446 354 1505 fremit,
366 1463 429 1497 arma
438 1447 534 1506 minax,
545 1447 683 1511 ferrumque
694 1443 805 1510 facesque
816 1473 828 1501 .

93 1541 281 1609 Sulphuraque,
294 1540 319 1591 &
330 1542 411 1607 piceas
422 1543 489 1610 cogit
499 1559 543 1609 per
553 1541 655 1592 Tartara
665 1543 759 1597 nubes.

95 1638 255 1705 fulminaque
265 1638 412 1690 infundenda
422 1639 482 1690 solo.
495 1639 554 1690 Ruit
563 1655 635 1690 omne
644 1655 688 1705 per
696 1652 793 1689 autrum

94 1733 239 1786 Immensum
252 1737 352 1802 vulgus,
366 1735 489 1801 furvaeque
497 1751 540 1800 per
549 1734 622 1784 ardua
631 1746 716 1784 turma

95 1829 229 1882 Terrarum
239 1831 375 1880 elullantur
384 1830 477 1888 humo,
490 1828 642 1896 objeuasque
651 1829 780 1880 fremendo

95 1926 214 1978 Assiliunt
227 1940 325 1993 portas,
338 1939 472 1995 urgentque
482 1927 621 1978 immanibus
632 1926 697 1978 ausis

95 2021 226 2075 Muroruru
235 2025 357 2075 adversam
368 2028 457 2077 molem
470 2017 547 2084 r'dum
557 2038 626 2093 rupta
639 2023 754 2077 silentum

94 2119 173 2172 Antra
187 2135 272 2188 patent
283 2097 416 2185 horrenda,
429 2124 529 2192 soloque
540 2125 652 2176 fruuntur
661 2135 758 2202 apertu.

94 2311 136 2364 sic
148 2313 298 2364 Acherontei
307 2314 409 2375 Manes,
420 2333 448 2368 ac
459 2315 545 2382 pallida
557 2315 617 2366 fusci

94 2409 178 2460 Castra
190 2409 254 2468 Dei,
268 2410 357 2460 circum
366 2412 521 2478 fremitusque
531 2412 651 2478 minasque
663 2409 768 2470 dedite,

93 2505 127 2558 Et
136 2507 302 2573 populatrices
312 2497 361 2558 lati
372 2508 479 2558 effudere
493 2509 634 2574 phalanges.

94 2588 217 2654 llorridus
226 2616 283 2653 ante
293 2603 356 2653 alios
366 2602 541 2671 lllelanurgus,
553 2615 638 2654 torvus
648 2599 761 2664 Alaun,

93 2698 255 2766 Disciffusque
266 2701 372 2750 habitum
381 2700 573 2768 flammantiaque
585 2718 627 2752 ora
638 2699 748 2771 Pyraller

61 2819 65 2830 ·
93 2795 246 2854 succensus,
255 2796 395 2865 Miarusque
406 2813 494 2858 atrox.
509 2798 631 2866 saevusque
641 2801 797 2866 Noherpon,

93 2890 127 2942 Et
135 2891 229 2962 septem
238 2905 343 2946 armatus
352 2896 458 2962 capitum
467 2898 619 2949 truculenter
629 2894 772 2979 Hydaspis.

611 2987 626 3025 C
647 2985 678 3026 tv
