2040 3644
224 331 314 390 ato
386 299 821 388 Pnuaorrtus'

226 467 305 520 Mors
312 482 456 536 numquam
463 465 579 536 poterita
590 463 698 532 sceptris
708 480 766 516 non
776 477 862 516 nemo
873 461 986 532 potitur.

225 565 315 626 Nenao
327 565 372 618 diu
382 583 391 624 ;
402 549 491 617 brevis
498 565 567 618 hora
581 565 655 615 datos
669 557 793 630 exposcit
804 561 947 614 honores.
967 561 971 569 '

226 661 316 723 Vive,
324 677 418 730 precor
426 661 553 728 superos,
564 661 590 712 ἃ
600 659 685 714 secula
695 657 778 710 vince
787 673 954 725 parentum.

226 755 372 825 Iunctaque
385 755 527 824 multiplici
543 757 693 807 cumuletur
708 753 794 823 gloria
808 753 942 821 sceptro;

226 852 269 910 Sis
281 852 345 906 belli
355 853 480 923 pacisque
492 853 588 905 decus:
601 867 691 904 tamen
701 849 782 903 unica
792 851 888 904 virtus

226 949 295 1002 Laut
304 949 341 1008 sit
350 949 436 1018 prima
447 950 487 1002 tui
499 967 508 1008 ·‚
521 965 577 1002 uon
587 963 614 1001 te
628 947 753 1018 gypsatus
773 963 896 1001 avorum
1013 1011 1014 1016 Ἰ

227 1045 433 1110 Tollituonos,
443 1061 500 1098 non
512 1047 541 1096 iu
554 1045 641 1096 tabula
655 1041 770 1110 spectata
781 1043 925 1114 Rudolphi
1013 1043 1014 1106 Ῐ

227 1143 249 1195 F
249 1143 316 1194 ortis
327 1141 417 1211 imago
427 1141 519 1206 ducis,
530 1156 609 1209 quem
618 1139 716 1192 nobilis
726 1137 833 1193 Austria
840 1141 957 1212 primum
1013 1117 1014 1180 i

139 1304 142 1310 Ι
228 1236 344 1294 Protulit
353 1237 478 1305 imperio,
489 1238 573 1290 Vane
583 1235 697 1292 ludibria
705 1235 783 1288 samae

227 1323 342 1386 Innixus
352 1333 462 1401 proavis
473 1335 584 1396 fallunt,
594 1333 652 1385 sine
661 1335 756 1397 laude,
768 1348 901 1404 nepotes.

228 1428 341 1498 Optima
352 1427 479 1481 nobilitas
491 1429 549 1482 sola
558 1429 660 1482 virmte
672 1431 812 1498 probatur.

227 1525 293 1578 Hac
304 1541 391 1594 neque
400 1525 510 1580 fulcitur
521 1527 630 1596 sceptris
641 1527 735 1581 innixa
743 1541 914 1598 potentum,

226 1625 285 1677 ‘Nec
291 1621 389 1681 metuit
398 1623 514 1694 depressa
524 1623 575 1677 sibi
585 1643 592 1678 t
604 1627 697 1694 procul
709 1624 798 1676 abdita
808 1629 888 1698 turpi

228 1721 385 1774 Ambitione
396 1721 468 1778 sedet
480 1740 487 1774 ε
500 1723 590 1776 nullos
601 1719 711 1788 suspirat
724 1721 849 1775 honores

229 1818 337 1882 Anxia,
351 1835 400 1872 nec
412 1835 503 1877 vacuae
514 1833 601 1886 captat
612 1817 747 1878 mendacia
758 1817 839 1870 samae
847 1858 860 1885 ‚

231 1915 328 1973 Laudis
338 1931 417 1966 avara
428 1915 497 1978 suae,
510 1931 561 1966 nec
572 1913 662 1966 inania
672 1915 804 1982 ponderat
816 1915 881 1970 auri

231 2003 357 2076 Praemia,
370 2009 415 2061 sed
426 2026 520 2078 magna
530 2010 595 2062 celsi
604 2013 636 2062 de
647 2011 765 2078 pectoris
777 2027 840 2064 arce

231 2101 353 2172 Despicit
366 2142 373 2167 ‚
384 2101 487 2170 abjecto
499 2099 627 2174 quidquid
638 2106 764 2160 miramur
775 2105 803 2157 iu
815 2105 899 2164 orbe.

233 2205 359 2256 Attamen
367 2204 472 2258 oblatos
483 2219 540 2256 non
552 2203 688 2272 aspernata
697 2205 804 2256 favores

231 2301 372 2364 Fortuna,
384 2300 539 2369 potiturque
547 2289 626 2354 bonisv
637 2340 645 2366 ,
656 2301 806 2370 fruiturque
815 2302 923 2367 labore,

234 2394 382 2465 Audirique
391 2395 585 2465 cupit.·Virtus
596 2395 721 2451 alimenta
732 2395 849 2465 requirit
860 2417 870 2454 t
909 2381 917 2390 ’
993 2465 996 2472 ⁴

235 2495 304 2559 Quae
316 2497 396 2558 latet,
406 2495 463 2548 lraec
473 2493 565 2563 paucis
577 2491 700 2561 prodest'.
714 2509 795 2560 quam
803 2496 882 2548 velat
892 2491 977 2565 egestas

235 2589 364 2655 Sordida,
375 2591 534 2658 despicitur:
547 2589 724 2661 quam'glotia
734 2590 852 2655 deserit,
864 2592 952 2647 lateret.

237 2685 365 2742 Admittat
375 2721 383 2748 ,
393 2702 450 2742 nou
461 2701 562 2755 quaerat
570 2703 638 2756 opes
651 2686 708 2747 tuit
719 2685 804 2758 gloria
815 2689 936 2752 donum,

237 2782 302 2834 Non
311 2797 413 2838 merces
423 2799 432 2842 ·,
441 2783 570 2850 veniant,
580 2801 637 2837 uon
648 2783 815 2838 accersantur
824 2783 952 2838 honores.

239 2879 296 2939 liet
305 2873 443 2953 spectanda
454 2879 577 2951 quidem,
589 2881 634 2937 sed
644 2858 853 2949 uec'spemeuda
863 2879 965 2952 potenti
