2086 3652
204 237 279 346 '34
423 251 797 341 littorea

227 371 369 426 bominum
375 389 458 445 genus
463 377 648 447 plerarumque
660 391 951 453 tetum,praeterqttm

230 446 294 500 attis
314 448 381 512 suae,
399 450 462 501 rude
480 449 655 506 existimatur.

266 529 308 574 2⁰.
325 522 424 574 Modus
442 523 610 590 concipiendi
631 523 730 592 triplex
747 526 802 580 sere
819 525 880 582 est:
900 543 950 584 aut

229 593 304 650 enim
324 595 406 648 Poeta
424 596 450 647 δι
467 597 587 664 Scriptor
606 597 730 652 carminis
744 598 800 666 ipse
815 601 945 668 exponit,

143 663 146 670 ’
231 667 295 736 quid
306 667 376 720 inter
387 668 516 735 pastores,
529 669 575 721 seu
583 669 714 724 vinitores
723 671 820 730 fastum
832 673 949 728 danm-

230 757 302 808 que‚
322 741 348 792 δι
364 741 407 792 hic
428 741 623 811 exegematicus
647 757 691 796 aut
709 745 860 798 narrativus
880 747 948 800 dici·

229 827 274 866 tut
290 831 297 864 ι
315 827 360 865 aut
385 812 458 882 ipsos
479 815 548 866 inter
574 815 600 868 se
624 816 749 870 homines
773 817 882 870 rusticos
902 822 947 872 lo-

230 899 362 954 quentes,
381 888 559 956 certantesque
585 889 743 942 carminibus
759 891 805 943 vel
827 893 949 946 muneri-

230 959 279 1011 bus
296 958 410 1022 inducit,
431 959 458 1012 &
476 959 521 1013 hic
544 962 700 1016 dramaticus
724 979 755 1016 ac
772 964 948 1033 dialogeticus

231 1033 264 1084 ad
283 1032 444 1084 comoediam
464 1033 519 1086 sete
537 1034 639 1086 accedit
652 1074 660 1099 ,
674 1037 785 1105 plusque
801 1035 903 1105 ingenii
920 1037 949 1092 &

231 1104 295 1158 artis
319 1107 460 1169 continet,
480 1121 525 1158 aut
548 1106 639 1172 certe,
658 1110 731 1177 quod
750 1109 873 1177 frequens
890 1109 951 1176 est,

231 1193 319 1249 poetae
329 1178 444 1230 narratio
461 1195 522 1232 cum
532 1181 704 1248 personarum
715 1181 879 1236 inducturum
889 1182 950 1236 dia·

231 1250 352 1320 logismi's
373 1251 576 1315 commiscetur,
597 1253 623 1306 δι
641 1253 685 1307 hic
705 1254 807 1310 mixtus
831 1257 952 1323 appella·
1033 1297 1034 1324 ,

231 1337 284 1376 tur.
297 1323 381 1375 Porto
395 1325 606 1402 pervelm&
623 1327 719 1380 dicitur
734 1362 742 1388 ,
759 1345 817 1396 quae
830 1327 955 1384 inuno.-

233 1395 275 1466 gis
295 1396 373 1448 unius
389 1402 508 1470 persone
526 1402 580 1469 est,
599 1416 630 1456 ut
648 1402 717 1469 apud
734 1401 813 1469 virg.
834 1401 950 1464 meuriss

232 1464 402 1544 ἅμιιέιιῖθυ,
423 1475 567 1542 quainter
587 1474 712 1544 personas
729 1475 817 1542 plures
837 1475 952 1532 alternat

234 1563 358 1611 cantum,
374 1561 404 1600 ut
423 1548 544 1617 Tityrus.
565 1547 724 1602 Theocritus
750 1547 819 1614 apud
836 1547 949 1604 Grecos

232 1619 264 1672 in
278 1619 416 1674 Bucolicis
426 1637 484 1690 quas
500 1621 634 1690 inscripsit
648 1621 750 1688 myrea.
766 1617 883 1674 maxime
898 1636 952 1674 ex·

232 1693 308 1746 cellit
326 1713 334 1755 ι
350 1695 381 1746 itt
400 1693 512 1763 proinde
532 1695 662 1764 Virgilius
685 1691 742 1758 ejus
763 1691 882 1760 ptefferit
898 1709 950 1748 ve·

231 1765 263 1818 sii
281 1766 315 1821 ia.

263 1785 316 1906 g3⁹.
334 1841 427 1894 Possis
443 1840 490 1894 hic
505 1841 616 1908 aptanda
632 1837 753 1908 personis
767 1837 951 1909 loquentibus.

232 1913 317 1980 Qubd
333 1911 456 1966 si'Poeta
482 1913 554 1966 solus
580 1925 698 1980 exponat
720 1910 804 1975 fasta,
825 1911 952 1968 audacior

232 1985 280 2038 illa
293 1987 319 2038 δι
334 1985 498 2054 frequentior
511 1985 563 2038 esse
581 1986 681 2054 poterit
691 2021 700 2049 ,
709 1999 773 2036 tunc
784 1985 930 2052 praesertin
941 2025 954 2051 ,

228 2075 319 2128 ¹quum
338 2059 370 2110 de
387 2059 414 2111 sc
437 2057 496 2126 ipso
515 2061 639 2128 loquetur
656 2077 664 2119 ς
685 2058 723 2110 sic
744 2056 774 2108 in
788 2057 880 2119 Sileno
900 2059 954 2112 suo

233 2129 365 2200 Virgilius
378 2131 404 2184 se
422 2147 482 2184 cum
498 2133 572 2186 Varo
589 2132 684 2201 (quod
694 2133 740 2186 sub
753 2131 904 2190 ehrmnlds
922 2133 953 2186 δι

232 2203 354 2274 Massyli
368 2205 526 2274 Satyrorum
543 2207 657 2274 persenti·
674 2204 793 2274 accipit)
808 2203 886 2274 fingit
906 2205 956 2258 Si·

234 2279 325 2333 lenum
352 2277 382 2329 in
405 2292 481 2330 antro
505 2279 580 2332 settis
605 2279 740 2343 vinxisse,
769 2278 795 2329 δι
817 2293 923 2332 carmen
941 2317 955 2343 ,

233 2349 313 2420 AEgle
330 2351 455 2420 Nymphai
473 2351 691 2421 superveniente,
707 2349 847 2410 obtinuisse
858 2369 865 2402 ι
878 2349 956 2412 ceci·

164 2465 166 2468 .
234 2421 300 2476 nisse
314 2422 382 2477 verb
398 2425 471 2480 orbis
494 2427 521 2480 &
537 2442 626 2478 terunt
645 2427 791 2498 originem,
812 2423 957 2479 discretio·

235 2514 299 2550 nem
318 2499 565 2569 reparationemque
584 2517 631 2568 per
647 2501 747 2568 lapides
765 2498 871 2567 Pyrrhe
883 2513 898 2562 ,·
910 2497 954 2555 se·
1033 2553 1034 2560 ,

234 2571 295 2636 ris,
313 2572 420 2640 rupibus
433 2612 443 2638 ,
459 2573 607 2643 Faunisque
631 2591 660 2632 ac
679 2573 764 2642 sylvis
789 2573 822 2632 sd
842 2586 954 2631 eatttttun¹

235 2645 447 2700 subsultantibus.
475 2647 542 2712 Quae
568 2645 629 2704 sanir
651 2662 701 2712 pro
723 2647 821 2710 Ecloga
850 2661 893 2698 res
919 2660 959 2698 ac.

235 2717 326 2784 poesis
355 2719 484 2787 gravior,
512 2717 745 2783 reprehensionem
774 2717 957 2781 quorumdam

236 2805 294 2841 non
309 2789 481 2857 subterfugit,
499 2786 620 2855 quamvis
637 2785 681 2840 sud
701 2787 729 2837 br
748 2784 815 2838 Vari
831 2785 877 2836 vel
895 2799 956 2852 po·-

236 2861 289 2917 tit'ts
310 2863 467 2931 satyrorum
484 2857 596 2928 persons
618 2856 724 2914 includi
740 2859 792 2930 (ut
808 2871 868 2928 que
888 2873 957 2939 gras,
