2086 3652
120 717 195 810 Quo
201 717 294 809 patio
302 721 335 786 E
330 720 461 808 popoeia
475 716 506 788 ὃν
522 715 689 814 Tragoedia
703 724 830 818 interst

248 813 491 885 conveniant&
511 819 690 909 discrepent.

120 945 200 1064 Co
209 1023 257 1061 rav
265 1025 283 1062 a
292 1023 358 1061 tur
368 1009 498 1076 Epopoeia
507 1027 567 1061 cum
574 1011 714 1079 Tragoedia
723 1011 750 1063 in
763 1018 829 1067 mul·

117 1081 169 1144 tis,
185 1097 215 1134 ut
232 1083 332 1134 idcirco
352 1084 384 1134 de
401 1082 536 1150 utriusque
557 1083 661 1134 asiione
681 1087 830 1152 promiscui

117 1152 296 1206 dissertatione
311 1157 466 1221 plerumque
482 1155 565 1224 egerit
579 1153 742 1210 Aristoteles.
761 1157 830 1212 Uni-

116 1227 194 1280 verse
206 1228 234 1278 in
249 1243 283 1279 eo
297 1227 481 1278 conueniunt:

156 1301 199 1353 ιθ.
217 1298 300 1366 Qudd
316 1313 426 1368 ptraque
440 1298 571 1352 asiiouetn
589 1317 689 1366 unam,
706 1306 830 1372 grandem

117 1386 195 1439 atque
214 1391 229 1426 a
246 1373 382 1425 communi
397 1372 538 1426 bominum
555 1375 604 1426 usu
620 1391 749 1429 remoram
765 1395 830 1448 pro.

117 1459 226 1511 ponant.

154 1519 197 1568 2⁰.
220 1515 302 1583 Qubd
321 1531 432 1585 utraque
449 1536 497 1586 per
518 1519 635 1586 episodia
656 1519 830 1590 fibiionesque

117 1604 147 1640 ac
171 1589 348 1656 digressiones
370 1587 533 1657 opportunas
556 1593 696 1660 magnifice
716 1597 830 1646 extolia.

117 1673 179 1721 tur,
193 1662 226 1710 ad
243 1660 443 1712 admirationem
455 1663 481 1712 δι
490 1665 655 1728 voluptatem
666 1657 828 1732 capiandam.

159 1733 201 1794 3⁰.
221 1729 302 1795 Qubd
320 1747 428 1799 utraque
445 1733 513 1783 aetio
529 1737 573 1784 vel
585 1734 704 1802 Simplex
716 1737 769 1793 sit,
785 1741 830 1791 vel

118 1803 250 1872 implexa.
271 1802 390 1871 Simplex
410 1803 477 1856 verb
495 1805 609 1868 dicitur,
631 1823 688 1873 quae
707 1811 751 1860 vel
771 1812 831 1861 nul·

117 1878 172 1929 lam
192 1875 306 1928 fortune
330 1878 552 1943 permutationem
576 1878 710 1942 admittit,
735 1883 779 1931 vel
803 1883 832 1934 in

117 1949 178 2002 solo
188 1948 290 2001 tantum
301 1949 375 2002 exitu
385 1950 414 2000 in
425 1950 577 2004 felicitatem
591 1967 636 2002 aut
650 1951 831 2006 infelicitatem

116 2021 267 2074 inclinatur.
285 2023 361 2074 Unde
376 2023 485 2075 describi
501 2023 602 2092 potest,
622 2023 695 2093 quod
715 2025 759 2078 illa
777 2025 830 2091 sit,

117 2112 177 2164 quae
192 2096 282 2144 nullam
302 2098 411 2147 admittat
421 2097 524 2163 fhrrunae
541 2115 596 2148 ante
608 2101 696 2149 exitum
710 2116 831 2168 pentura-

60 2173 73 2208 -’
117 2169 214 2219 tionem.
226 2171 325 2220 Contra
336 2169 454 2236 Implexa
463 2169 513 2231 est,
524 2187 582 2236 quae
592 2174 673 2222 talem
685 2171 745 2223 anre
759 2187 831 2223 tran-

119 2239 200 2292 situm
216 2239 243 2292 in
257 2240 348 2292 fabule
363 2242 471 2292 decursu
482 2243 596 2307 paritur3
613 2245 736 2310 &priori
751 2245 831 2314 longi

119 2312 156 2364 est
164 2313 343 2380 praestantior,
356 2329 438 2381 quum
450 2313 597 2379 inopinatis
607 2315 830 2382 suspensionibus,

119 2386 259 2438 eventibus
269 2403 298 2437 ac
310 2386 649 2449 perturbationibus‚rerum
660 2387 832 2441 admiratione
879 2430 882 2438 .

120 2457 198 2510 simul
215 2475 244 2510 ac
255 2460 393 2524 voluptate
403 2458 521 2509 animum
530 2458 660 2520 detineat,
673 2473 703 2509 ut
712 2459 780 2509 varii
792 2475 831 2510 at·

121 2548 172 2599 que
193 2530 365 2597 inexspesiati
385 2530 414 2580 in
433 2529 549 2598 Odyssea
575 2531 648 2581 casus
673 2530 832 2591 ostendttnt;

120 2617 199 2671 atque
215 2604 244 2655 in
258 2602 299 2655 his
312 2602 482 2670 potissimum
497 2601 643 2656 artificios'e
655 2605 687 2655 ad
698 2603 832 2656 verisimi-

120 2675 260 2727 litudinem
278 2676 430 2745 effingendis
443 2676 534 2728 Poetae
550 2676 685 2745 ingenium
698 2677 832 2745 probatur.

120 2748 160 2799 Ut
178 2747 245 2800 verti
264 2749 379 2817 simplex
399 2750 427 2802 in
447 2767 506 2804 eam
525 2751 676 2810 dividitur,
695 2767 752 2819 quae
773 2751 834 2804 sine

122 2820 335 2887 permutatione,
354 2823 383 2874 in
404 2821 529 2876 felicitate
553 2823 641 2890 coepti
660 2823 831 2885 terminatur,

125 2892 216 2946 &eant
227 2910 284 2963 que
295 2911 354 2946 cum
364 2897 559 2962 permutatione
570 2895 685 2948 fortunae
695 2895 834 2948 infeliciter
