2086 3652
215 273 264 359 72
401 264 741 336 Hanorca

216 386 344 448 versamr.
356 384 454 456 Opera
471 386 587 471 pretium
602 401 691 439 tamen
705 385 936 471 sueritprtecipua

216 475 310 512 eorum
326 460 537 514 autorum.vttia
561 475 617 512 non
635 459 722 512 minuis
748 457 827 529 quint
848 473 938 514 virtu*

215 545 256 584 tes
273 529 419 586 observasse
435 551 444 594 ·,
458 547 489 585 ut
505 535 537 586 ab
555 532 610 585 illis
625 533 656 584 ad
671 533 735 596 has,
753 545 854 601 quanto
869 533 935 600 pos·

214 603 276 665 sunt
294 603 393 668 studio,
411 604 567 658 defledlant:
584 605 700 674 primunt
716 603 789 657 eninr
806 605 873 656 lana·
885 621 935 658 co·

214 677 302 729 lore'tn
313 676 479 730 tenacissime
491 678 621 742 retinent,
638 679 664 730 δι
678 677 781 731 facilius
798 693 873 730 error
883 695 936 731 ve·

215 763 303 812 tatur,
319 748 398 816 quim
413 750 563 820 corrigitur.
579 752 634 804 Suo
646 751 756 819 quisque
772 749 882 819 ingenio
894 751 934 804 sat

215 821 281 873 labis
296 823 381 874 trahet
398 839 407 880 ε
424 837 453 874 ut
470 823 581 892 proinde
598 825 666 876 hanc
685 823 777 875 alienis
793 821 874 875 etiarn
884 839 935 876 cu·

215 895 316 946 mulare
336 895 445 948 maculis
465 895 546 968 long‘e
561 896 677 948 futurum
696 895 732 964 sit
751 893 865 964 turpius.
883 897 934 948 Al-

214 965 302 1017 setum
318 965 372 1030 esi,
395 981 425 1020 ut
448 968 585 1038 postquam
612 968 689 1021 unius
712 981 799 1038 poetae
823 965 933 1038 genium

215 1037 365 1108 stylumque
382 1054 516 1110 utcunque
533 1041 570 1094 est
592 1040 735 1103 assecutus,
759 1055 816 1092 tunt
836 1039 933 1094 deinde

215 1114 248 1163 ad
262 1111 338 1164 illum
357 1111 383 1164 se
397 1127 501 1178 vertat,
517 1131 596 1184 quent
606 1117 651 1167 vel
662 1113 870 1166 laudatissimum
880 1115 927 1167 vel

215 1182 257 1234 isti
272 1184 426 1252 proximum
444 1187 531 1251 tout,
542 1186 728 1258 suffragatione
742 1187 933 1255 plerorumque

216 1248 379 1324 sapientum,
399 1258 522 1318 habentt
546 1273 624 1329 atque
648 1275 683 1312 ex
704 1259 774 1322 hoc,
795 1275 854 1328 que
879 1257 932 1314 sibi

215 1331 261 1381 vel
277 1328 359 1382 deesse
370 1368 378 1392 ,
389 1331 435 1382 vel
452 1330 581 1398 supereffe
598 1333 740 1402 prudenter
755 1332 930 1399 compererit,

215 1401 330 1454 studios‘e
345 1401 460 1472 castiget.
471 1403 514 1455 Sic
525 1403 607 1457 Boius
617 1403 662 1456 ubi
673 1403 791 1456 nativam
802 1405 853 1456 suae
863 1420 932 1473 gen·

215 1474 251 1527 tis
270 1475 441 1543 gravitatem,
462 1475 519 1544 pati
537 1493 572 1528 ex
588 1477 673 1529 Statio
691 1475 780 1528 hausti
799 1477 933 1546 gravitate

216 1548 249 1599 ad
263 1562 397 1600 tumorem
414 1549 440 1600 st
461 1549 644 1620 confragosum
665 1552 804 1618 quemdam
822 1549 930 1600 durum·

216 1635 268 1688 que
286 1619 416 1674 orationis
436 1621 530 1674 sonum
547 1659 554 1685 ,
567 1621 666 1674 allisam
678 1622 804 1684 senserit,
819 1621 848 1672 in
861 1621 932 1675 ovis

215 1689 253 1744 dii
271 1692 325 1745 sese
339 1693 427 1749 lenem
442 1710 471 1746 ac
488 1697 566 1747 melle
581 1696 695 1764 quodam
713 1694 857 1748 delibutum
874 1693 929 1746 ser·

215 1781 343 1830 monem,
360 1779 460 1834 quanto
479 1766 579 1836 poterit
594 1783 693 1836 opere,
708 1769 826 1821 inclinet.
847 1767 928 1820 Secus

213 1834 312 1908 Belga,
326 1837 372 1890 ubi
389 1854 423 1890 ex
440 1837 484 1890 illa
503 1839 599 1893 Ovidii
612 1840 721 1893 lenitate
736 1837 868 1892 remissurn
880 1840 908 1892 se
918 1841 932 1904 ,'

213 1908 395 1978 abiedlumque
414 1910 493 1962 nimis
509 1909 559 1964 esse
575 1912 721 1984 intelliget,
731 1929 765 1966 ex
776 1911 861 1964 Statio
873 1929 928 1964 ma·

212 1982 329 2050 jestatem
342 1982 455 2052 aliquam
466 1982 600 2038 illustriori
611 1987 727 2040 orationi
740 1985 838 2036 induat.
853 1983 928 2039 Mihi

213 2060 302 2106 lamen
317 2055 449 2123 principio
470 2057 606 2112 Claudiani
628 2075 732 2113 amoena
753 2057 927 2125 exultansque

212 2126 295 2179 triuio
310 2127 426 2181 maxime
442 2129 560 2197 placuit,
576 2149 650 2202 aqua
664 2147 706 2182 me
725 2129 818 2181 deinde
838 2131 927 2200 tnagis

212 2203 254 2253 ars
266 2199 291 2252 tr
303 2200 371 2252 ratio
381 2227 396 2264 ,·
405 2201 483 2270 quim
500 2219 599 2258 naturae
611 2205 725 2272 impetus
743 2203 775 2254 ad
793 2201 926 2258 Ovidium

212 2272 411 2343 Virgiliumque
427 2275 557 2330 abstraxit.
577 2277 699 2330 ceterum
708 2295 719 2341 ,·
728 2276 774 2345 qui
789 2275 929 2344 principio

212 2345 264 2397 soli
283 2345 337 2398 sese
351 2347 461 2400 Maroni
479 2351 627 2412 addixerit,
642 2365 672 2403 ac
689 2349 800 2414 deinde,
815 2348 860 2402 ubi
876 2348 926 2401 sir·

211 2432 285 2478 nuato
301 2417 410 2489 ingenio
427 2420 548 2492 styloque
563 2423 591 2474 in
607 2423 660 2476 hoc
671 2422 754 2476 solide
766 2421 924 2486 substiterit,

212 2491 245 2541 ad
262 2489 329 2543 alios
344 2494 371 2544 se
387 2496 512 2558 verterit,
530 2512 644 2564 quorum
663 2496 715 2548 suis
735 2494 834 2565 quique
851 2495 926 2547 doti·

210 2564 259 2615 hus
276 2568 409 2618 excellunt
419 2606 426 2631 ,
437 2582 466 2619 ut
477 2568 579 2635 optima
588 2570 691 2622 tantum
700 2570 731 2620 ab
743 2583 836 2620 eorum
846 2567 924 2634 poesi

211 2639 243 2688 ad
257 2637 435 2693 imitationem
452 2640 524 2692 suam
535 2644 651 2694 traducat
662 2639 789 2704 ,teieslis
807 2640 928 2693 deterio·'

210 2710 283 2761 ribus
301 2729 310 2771 ·,
331 2711 401 2764 hunc
422 2725 473 2779 ego
493 2711 618 2763 facillimi
637 2714 668 2762 ad
687 2709 764 2774 hujus
787 2710 850 2762 artis
876 2713 928 2763 ah·'

210 2779 371 2834 solutionem
389 2781 435 2835 vit
450 2781 607 2834 incessurum
626 2782 758 2834 existimo.
778 2782 922 2850 Reliquum

211 2854 247 2906 esl
262 2870 291 2908 ut
299 2855 385 2924 ipsum
395 2853 517 2908 imitandi
535 2854 611 2908 usuin
628 2871 676 2927 pet
692 2861 831 2922 utramque
847 2855 921 2910 viam

730 2927 920 2994 resolutionis,
