2072 3672
237 299 320 373 172
422 269 786 354 Sancorrs.

231 432 356 503 oblongi
368 433 475 497 dentes,
485 447 564 502 atque
573 449 620 484 ora
631 432 764 484 madentia
775 434 846 485 tabo

232 529 372 598 Vipereo,
384 531 478 582 &diro
490 533 636 599 ptaedatum
648 530 730 582 tinth
744 547 859 584 cruore.

233 627 408 678 contrahitur
418 628 517 690 macie,
531 645 560 680 ac
570 629 667 680 misero
678 627 854 679 consumitur
866 627 941 680 aestu
953 647 962 686 3

120 755 125 764 =
233 723 344 792 Vixque
352 723 431 775 habet
440 722 494 775 offa
505 724 589 787 cutis,
602 725 656 777 nisi
667 722 739 792 quud
751 723 865 791 perfusa
877 738 986 779 veneno

233 817 352 873 Pectoris
360 817 469 881 ‚inflati
479 821 605 872 deformis
614 835 720 890 turgeat
731 822 807 874 alvo.

234 913 328 980 Qualis
339 913 367 966 in
376 931 498 968 extremo
510 915 667 970 tumefatms
677 893 787 968 araneus
798 933 879 971 auno

234 1011 390 1080 Pampineas
402 1012 472 1065 inter
480 1013 602 1076 frondes,
613 1015 640 1065 &
649 1011 747 1065 mustea
756 1013 858 1065 Bacchi

233 1083 358 1173 Cornua,
370 1111 508 1178 suspensus
519 1125 625 1180 turget:
637 1110 737 1162 circum
749 1111 846 1162 omnia
855 1127 957 1165 venter
1012 1111 1013 1178 ἦ

235 1207 373 1274 Occupat,
385 1207 411 1257 δι
422 1209 531 1273 plenum
541 1205 689 1257 distendunt
700 1205 796 1272 toxica¹
804 1206 915 1274 peetus.
1012 1215 1013 1218 ’

233 1303 292 1370 Ipsa
304 1303 365 1354 suos
375 1301 455 1356 etiam
465 1302 562 1356 vivens
573 1302 702 1356 eviscerat
713 1318 785 1355 artus
1012 1297 1013 1352 t

235 1400 355 1462 Invidia,
366 1399 394 1450 δι
403 1397 493 1450 tacitis
503 1400 628 1450 arrodens
637 1399 746 1466 pestora
757 1400 829 1453 cutis
840 1440 849 1464 ‚

236 1500 294 1549 Ceu
302 1498 408 1559 vultur,
418 1497 550 1548 consumit
559 1497 626 1548 edax
634 1515 642 1556 3
650 1497 708 1548 avis
717 1497 763 1548 illa
772 1497 931 1552 Promethei

236 1589 359 1664 fingitur
371 1611 379 1652 3
392 1607 419 1644 at
430 1591 511 1644 nostri
521 1609 577 1644 non
588 1591 655 1644 fallit
666 1592 751 1644 fibula
762 1593 887 1648 monstrt

273 1693 323 1744 Illa
334 1691 471 1743 lacessitus
480 1705 620 1758 penetrans
633 1691 665 1740 ad
676 1688 746 1741 testa
756 1689 881 1758 Cupido,

237 1789 377 1842 Auxilium
387 1788 498 1855 supplex
507 1787 629 1838 miseram
640 1801 727 1856 rogat.
739 1787 863 1857 Inclyta,
873 1788 955 1853 dixit,

238 1886 329 1946 Diva,
340 1883 407 1936 meis
418 1881 487 1934 adsis
498 1899 507 1941 3
519 1881 642 1950 odiisque
652 1881 792 1936 hostilibus
803 1901 871 1954 urge

238 1979 359 2032 Infestatn
370 1977 448 2028 nobis
459 1978 568 2030 Areten.
580 1979 703 2030 Crudelia
711 1979 807 2033 nostris

212 2067 215 2070 ¹
239 2078 312 2128 Bella
323 2089 397 2144 parat
406 2071 492 2126 castris
502 2113 510 2138 ,
522 2073 676 2143 victrixque
687 2076 833 2145 triumphat
844 2077 969 2142 inarmis,

239 2171 541 2244 UndiqueSarcotheam
548 2187 721 2240 propugnans
728 2173 861 2242 ,undique
868 2176 974 2248 cingens.

241 2273 348 2342 Spicula
358 2269 465 2322 Livoris
475 2268 586 2333 metuit,
596 2267 768 2337 stimulosque
777 2270 889 2324 fruentis

242 2369 364 2424 Invidia.
374 2369 416 2420 Ne
424 2369 487 2419 cede
498 2367 587 2418 minor
597 2384 606 2424 3
617 2364 662 2416 sed
675 2365 775 2435 stringe,
780 2367 897 2422 ferocem

243 2466 361 2536 Imperio
373 2505 380 2529 ,
391 2465 508 2534 fastuque
519 2463 595 2534 gravi
604 2463 742 2531 compesce
751 2477 909 2520 tumentem.

244 2564 288 2616 Sic
297 2563 337 2614 ait
345 2581 354 2621 3
363 2564 551 2629 ardentemque
562 2562 646 2614 facem
655 2558 770 2628 projecit
779 2599 787 2624 ‚
797 2562 826 2612 δι
836 2561 895 2632 igne

244 2658 386 2727 Exagitans
395 2657 509 2708 rabidam
518 2657 594 2708 Diris
602 2656 739 2709 furialibus
751 2655 855 2724 impiet.

245 2755 316 2824 Ergo
324 2753 370 2805 ubi
380 2753 517 2820 conceptis
525 2753 655 2804 exarserat
663 2753 785 2820 improba
793 2751 904 2808 fiammis
915 2795 922 2821 ‚

246 2855 354 2916 Fertur,
362 2865 392 2902 ut
402 2850 495 2902 insano
506 2849 608 2901 Maenas
618 2849 747 2902 stimulata
757 2851 858 2919 Lym,

248 2949 978 3026 Person,perqueagros.Quowmquepetarvnvagatar,
