<?xml version="1.0" encoding="UTF-8"?>
<!DOCTYPE html PUBLIC "-//W3C//DTD XHTML 1.0 Transitional//EN"
    "http://www.w3.org/TR/xhtml1/DTD/xhtml1-transitional.dtd">
<html xmlns="http://www.w3.org/1999/xhtml" xml:lang="en" lang="en">
 <head>
  <title>
</title>
<meta http-equiv="Content-Type" content="text/html;charset=utf-8" />
  <meta name='ocr-system' content='tesseract 3.04.00' />
  <meta name='ocr-capabilities' content='ocr_page ocr_carea ocr_par ocr_line ocrx_word'/>
</head>
<body>
  <div class='ocr_page' id='page_1' title='image "./sarcotisetcarol00masegoog_0107.png"; bbox 0 0 2086 3652; ppageno 0'>
   <div class='ocr_carea' id='block_1_1' title="bbox 306 309 932 410">
    <p class='ocr_par' dir='ltr' id='par_1_1' title="bbox 306 309 932 410">
     <span class='ocr_line' id='line_1_1' title="bbox 306 309 932 410; baseline 0.01 -34"><span class='ocrx_word' id='word_1_1' title='bbox 306 309 588 381; x_wconf 69' lang='lat' dir='ltr'>Posses.</span> <span class='ocrx_word' id='word_1_2' title='bbox 761 309 803 410; x_wconf 60' lang='grc' dir='ltr'>ἐς</span> <span class='ocrx_word' id='word_1_3' title='bbox 877 313 932 362; x_wconf 86' lang='lat'>·&#39;</span> 
     </span>
    </p>
   </div>
   <div class='ocr_carea' id='block_1_2' title="bbox 10 427 906 3012">
    <p class='ocr_par' dir='ltr' id='par_1_2' title="bbox 96 427 810 784">
     <span class='ocr_line' id='line_1_2' title="bbox 97 427 810 492; baseline 0.001 -7"><span class='ocrx_word' id='word_1_4' title='bbox 97 427 141 485; x_wconf 87' lang='lat' dir='ltr'>ille</span> <span class='ocrx_word' id='word_1_5' title='bbox 167 443 203 484; x_wconf 77' lang='lat' dir='ltr'>ex</span> <span class='ocrx_word' id='word_1_6' title='bbox 228 427 316 482; x_wconf 86' lang='lat' dir='ltr'>Sicilia</span> <span class='ocrx_word' id='word_1_7' title='bbox 335 431 448 484; x_wconf 82' lang='lat' dir='ltr'>AEneam</span> <span class='ocrx_word' id='word_1_8' title='bbox 472 431 501 484; x_wconf 88' lang='lat' dir='ltr'>in</span> <span class='ocrx_word' id='word_1_9' title='bbox 526 432 654 492; x_wconf 86' lang='lat' dir='ltr'>Italiam;</span> <span class='ocrx_word' id='word_1_10' title='bbox 673 445 702 486; x_wconf 88' lang='lat' dir='ltr'>tu</span> <span class='ocrx_word' id='word_1_11' title='bbox 724 436 810 486; x_wconf 88' lang='lat' dir='ltr'>Caro-</span> 
     </span>
     <span class='ocr_line' id='line_1_3' title="bbox 97 503 807 572; baseline 0.003 -16"><span class='ocrx_word' id='word_1_12' title='bbox 97 505 152 556; x_wconf 85' lang='lat' dir='ltr'>lum</span> <span class='ocrx_word' id='word_1_13' title='bbox 162 505 199 566; x_wconf 83' lang='lat' dir='ltr'>V,</span> <span class='ocrx_word' id='word_1_14' title='bbox 210 503 386 564; x_wconf 77' lang='lat' dir='ltr'>Austribcum‚</span> <span class='ocrx_word' id='word_1_15' title='bbox 402 521 437 556; x_wconf 88' lang='lat' dir='ltr'>ex</span> <span class='ocrx_word' id='word_1_16' title='bbox 450 504 585 572; x_wconf 71' lang='lat' dir='ltr'>Hispania</span> <span class='ocrx_word' id='word_1_17' title='bbox 601 505 680 557; x_wconf 88' lang='lat' dir='ltr'>litote</span> <span class='ocrx_word' id='word_1_18' title='bbox 698 506 726 556; x_wconf 89' lang='lat' dir='ltr'>in</span> <span class='ocrx_word' id='word_1_19' title='bbox 736 507 807 559; x_wconf 82' lang='lat' dir='ltr'>Afri·</span> 
     </span>
     <span class='ocr_line' id='line_1_4' title="bbox 96 576 808 647; baseline 0.003 -19"><span class='ocrx_word' id='word_1_20' title='bbox 96 591 154 628; x_wconf 82' lang='lat' dir='ltr'>cam</span> <span class='ocrx_word' id='word_1_21' title='bbox 172 576 301 628; x_wconf 80' lang='lat' dir='ltr'>transfer:</span> <span class='ocrx_word' id='word_1_22' title='bbox 319 576 364 630; x_wconf 88' lang='lat' dir='ltr'>ille</span> <span class='ocrx_word' id='word_1_23' title='bbox 381 578 539 646; x_wconf 80' lang='lat' dir='ltr'>regnumin</span> <span class='ocrx_word' id='word_1_24' title='bbox 553 577 630 635; x_wconf 86' lang='lat' dir='ltr'>Latio</span> <span class='ocrx_word' id='word_1_25' title='bbox 647 578 686 630; x_wconf 83' lang='lat' dir='ltr'>sui</span> <span class='ocrx_word' id='word_1_26' title='bbox 703 579 808 647; x_wconf 71' lang='lat' dir='ltr'>gratiis</span> 
     </span>
     <span class='ocr_line' id='line_1_5' title="bbox 96 647 809 716; baseline 0.003 -16"><span class='ocrx_word' id='word_1_27' title='bbox 96 650 162 700; x_wconf 85' lang='lat' dir='ltr'>alter</span> <span class='ocrx_word' id='word_1_28' title='bbox 181 647 210 700; x_wconf 91' lang='lat' dir='ltr'>in</span> <span class='ocrx_word' id='word_1_29' title='bbox 229 649 315 701; x_wconf 81' lang='lat' dir='ltr'>Africa</span> <span class='ocrx_word' id='word_1_30' title='bbox 332 649 413 702; x_wconf 79' lang='lat' dir='ltr'>amici</span> <span class='ocrx_word' id='word_1_31' title='bbox 431 650 529 716; x_wconf 79' lang='lat' dir='ltr'>causi,</span> <span class='ocrx_word' id='word_1_32' title='bbox 551 649 663 704; x_wconf 70' lang='lat' dir='ltr'>desidiis</span> <span class='ocrx_word' id='word_1_33' title='bbox 686 649 809 704; x_wconf 71' lang='lat' dir='ltr'>adversa·</span> 
     </span>
     <span class='ocr_line' id='line_1_6' title="bbox 96 719 308 784; baseline 0.014 -12"><span class='ocrx_word' id='word_1_34' title='bbox 96 719 163 784; x_wconf 85' lang='lat' dir='ltr'>tiis,</span> <span class='ocrx_word' id='word_1_35' title='bbox 182 720 308 774; x_wconf 85' lang='lat' dir='ltr'>obtineat.</span> 
     </span>
    </p>

    <p class='ocr_par' dir='ltr' id='par_1_3' title="bbox 59 793 811 1082">
     <span class='ocr_line' id='line_1_7' title="bbox 59 793 809 864; baseline 0 -18"><span class='ocrx_word' id='word_1_36' title='bbox 59 809 66 825; x_wconf 91' lang='lat'><strong>·</strong></span> <span class='ocrx_word' id='word_1_37' title='bbox 130 793 276 846; x_wconf 86' lang='lat' dir='ltr'>Substantia</span> <span class='ocrx_word' id='word_1_38' title='bbox 293 793 405 847; x_wconf 70' lang='lat' dir='ltr'>albionis</span> <span class='ocrx_word' id='word_1_39' title='bbox 421 795 479 848; x_wconf 81' lang='lat' dir='ltr'>haec</span> <span class='ocrx_word' id='word_1_40' title='bbox 500 794 545 848; x_wconf 82' lang='lat' dir='ltr'>eli.</span> <span class='ocrx_word' id='word_1_41' title='bbox 566 797 620 848; x_wconf 80' lang='lat' dir='ltr'>Rex</span> <span class='ocrx_word' id='word_1_42' title='bbox 640 797 732 864; x_wconf 83' lang='lat' dir='ltr'>puidam</span> <span class='ocrx_word' id='word_1_43' title='bbox 748 798 809 848; x_wconf 78' lang='lat' dir='ltr'>oni·</span> 
     </span>
     <span class='ocr_line' id='line_1_8' title="bbox 94 867 809 938; baseline 0.006 -23"><span class='ocrx_word' id='word_1_44' title='bbox 94 883 144 916; x_wconf 82' lang='lat' dir='ltr'>rum</span> <span class='ocrx_word' id='word_1_45' title='bbox 167 867 253 935; x_wconf 81' lang='lat' dir='ltr'><em>Regem</em></span> <span class='ocrx_word' id='word_1_46' title='bbox 272 867 409 935; x_wconf 72' lang='lat' dir='ltr'>paffeffione</span> <span class='ocrx_word' id='word_1_47' title='bbox 434 869 510 934; x_wconf 81' lang='lat' dir='ltr'>iniqui</span> <span class='ocrx_word' id='word_1_48' title='bbox 538 870 701 928; x_wconf 75' lang='lat' dir='ltr'>deturbatum,</span> <span class='ocrx_word' id='word_1_49' title='bbox 724 887 809 938; x_wconf 79' lang='lat' dir='ltr'>magna</span> 
     </span>
     <span class='ocr_line' id='line_1_9' title="bbox 95 937 811 1007; baseline 0.003 -19"><span class='ocrx_word' id='word_1_50' title='bbox 95 939 163 1005; x_wconf 69' lang='lat' dir='ltr'>claffi</span> <span class='ocrx_word' id='word_1_51' title='bbox 175 937 288 1007; x_wconf 74' lang='lat' dir='ltr'>firperato</span> <span class='ocrx_word' id='word_1_52' title='bbox 304 941 364 990; x_wconf 81' lang='lat' dir='ltr'>mari</span> <span class='ocrx_word' id='word_1_53' title='bbox 373 973 381 998; x_wconf 83' lang='lat'>‚</span> <span class='ocrx_word' id='word_1_54' title='bbox 400 937 567 1006; x_wconf 76' lang='lat' dir='ltr'><em>debellatisque</em></span> <span class='ocrx_word' id='word_1_55' title='bbox 587 943 705 1002; x_wconf 73' lang='lat' dir='ltr'>uestibus,</span> <span class='ocrx_word' id='word_1_56' title='bbox 719 943 743 992; x_wconf 79' lang='lat' dir='ltr'>irs</span> <span class='ocrx_word' id='word_1_57' title='bbox 760 943 811 990; x_wconf 81' lang='lat' dir='ltr'>ari·</span> 
     </span>
     <span class='ocr_line' id='line_1_10' title="bbox 94 1009 810 1082; baseline 0.004 -22"><span class='ocrx_word' id='word_1_58' title='bbox 94 1026 141 1061; x_wconf 80' lang='lat' dir='ltr'>rane</span> <span class='ocrx_word' id='word_1_59' title='bbox 157 1015 222 1079; x_wconf 80' lang='lat' dir='ltr'>regni</span> <span class='ocrx_word' id='word_1_60' title='bbox 235 1011 314 1078; x_wconf 76' lang='lat' dir='ltr'>sedem</span> <span class='ocrx_word' id='word_1_61' title='bbox 331 1009 443 1076; x_wconf 77' lang='lat' dir='ltr'>reposuit.</span> <span class='ocrx_word' id='word_1_62' title='bbox 471 1011 585 1062; x_wconf 86' lang='lat' dir='ltr'>Heroica</span> <span class='ocrx_word' id='word_1_63' title='bbox 602 1013 657 1064; x_wconf 81' lang='lat' dir='ltr'>haec</span> <span class='ocrx_word' id='word_1_64' title='bbox 685 1013 712 1063; x_wconf 89' lang='lat'>&amp;</span> <span class='ocrx_word' id='word_1_65' title='bbox 731 1013 810 1082; x_wconf 87' lang='lat' dir='ltr'>digna</span> 
     </span>
    </p>

    <p class='ocr_par' dir='ltr' id='par_1_4' title="bbox 33 1083 831 1442">
     <span class='ocr_line' id='line_1_11' title="bbox 33 1083 810 1152; baseline 0 -17"><span class='ocrx_word' id='word_1_66' title='bbox 33 1096 40 1116; x_wconf 63' lang='lat'><strong>*</strong></span> <span class='ocrx_word' id='word_1_67' title='bbox 94 1084 224 1152; x_wconf 78' lang='lat' dir='ltr'>Epopoeia</span> <span class='ocrx_word' id='word_1_68' title='bbox 234 1084 306 1135; x_wconf 73' lang='lat' dir='ltr'>allio</span> <span class='ocrx_word' id='word_1_69' title='bbox 321 1083 365 1134; x_wconf 84' lang='lat' dir='ltr'>est.</span> <span class='ocrx_word' id='word_1_70' title='bbox 382 1083 496 1136; x_wconf 85' lang='lat' dir='ltr'>Proinde</span> <span class='ocrx_word' id='word_1_71' title='bbox 508 1083 560 1134; x_wconf 86' lang='lat' dir='ltr'>suis</span> <span class='ocrx_word' id='word_1_72' title='bbox 578 1083 637 1146; x_wconf 85' lang='lat' dir='ltr'>illa,</span> <span class='ocrx_word' id='word_1_73' title='bbox 654 1084 751 1150; x_wconf 88' lang='lat' dir='ltr'>partim</span> <span class='ocrx_word' id='word_1_74' title='bbox 763 1101 810 1135; x_wconf 88' lang='lat' dir='ltr'>ve·</span> 
     </span>
     <span class='ocr_line' id='line_1_12' title="bbox 94 1153 811 1226; baseline 0 -18"><span class='ocrx_word' id='word_1_75' title='bbox 94 1155 148 1218; x_wconf 85' lang='lat' dir='ltr'>tis,</span> <span class='ocrx_word' id='word_1_76' title='bbox 166 1157 263 1225; x_wconf 90' lang='lat' dir='ltr'>partim</span> <span class='ocrx_word' id='word_1_77' title='bbox 274 1153 344 1207; x_wconf 74' lang='lat' dir='ltr'>flurs</span> <span class='ocrx_word' id='word_1_78' title='bbox 356 1156 509 1207; x_wconf 85' lang='lat' dir='ltr'>nominibus</span> <span class='ocrx_word' id='word_1_79' title='bbox 524 1157 556 1206; x_wconf 91' lang='lat' dir='ltr'>ad</span> <span class='ocrx_word' id='word_1_80' title='bbox 569 1156 740 1226; x_wconf 77' lang='lat' dir='ltr'>particulares</span> <span class='ocrx_word' id='word_1_81' title='bbox 753 1172 811 1224; x_wconf 86' lang='lat' dir='ltr'>per·</span> 
     </span>
     <span class='ocr_line' id='line_1_13' title="bbox 93 1228 831 1297; baseline 0.001 -17"><span class='ocrx_word' id='word_1_82' title='bbox 93 1229 170 1281; x_wconf 84' lang='lat' dir='ltr'>sonas</span> <span class='ocrx_word' id='word_1_83' title='bbox 191 1229 369 1282; x_wconf 84' lang='lat' dir='ltr'>contrahenda</span> <span class='ocrx_word' id='word_1_84' title='bbox 386 1228 444 1280; x_wconf 86' lang='lat' dir='ltr'>erit.</span> <span class='ocrx_word' id='word_1_85' title='bbox 469 1229 556 1280; x_wconf 84' lang='lat' dir='ltr'>Heros</span> <span class='ocrx_word' id='word_1_86' title='bbox 574 1245 610 1280; x_wconf 84' lang='lat' dir='ltr'>ex</span> <span class='ocrx_word' id='word_1_87' title='bbox 626 1229 754 1297; x_wconf 78' lang='lat' dir='ltr'>Hispania</span> <span class='ocrx_word' id='word_1_88' title='bbox 768 1230 809 1282; x_wconf 89' lang='lat' dir='ltr'>ad·</span> <span class='ocrx_word' id='word_1_89' title='bbox 828 1236 831 1242; x_wconf 82' lang='lat'><em>&#39;</em></span> 
     </span>
     <span class='ocr_line' id='line_1_14' title="bbox 92 1299 808 1354; baseline 0.001 -2"><span class='ocrx_word' id='word_1_90' title='bbox 92 1301 204 1354; x_wconf 79' lang='lat' dir='ltr'>veniens</span> <span class='ocrx_word' id='word_1_91' title='bbox 222 1303 332 1354; x_wconf 64' lang='lat' dir='ltr'>(Jarolus</span> <span class='ocrx_word' id='word_1_92' title='bbox 352 1299 388 1352; x_wconf 85' lang='lat' dir='ltr'>est</span> <span class='ocrx_word' id='word_1_93' title='bbox 408 1320 415 1354; x_wconf 72' lang='grc' dir='ltr'><strong>ε</strong></span> <span class='ocrx_word' id='word_1_94' title='bbox 435 1299 575 1353; x_wconf 80' lang='lat' dir='ltr'>Muleaffes</span> <span class='ocrx_word' id='word_1_95' title='bbox 594 1299 623 1352; x_wconf 88' lang='lat' dir='ltr'>in</span> <span class='ocrx_word' id='word_1_96' title='bbox 644 1301 731 1353; x_wconf 84' lang='lat' dir='ltr'>Africa</span> <span class='ocrx_word' id='word_1_97' title='bbox 751 1302 808 1353; x_wconf 89' lang='lat' dir='ltr'>Tu·</span> 
     </span>
     <span class='ocr_line' id='line_1_15' title="bbox 93 1373 808 1442; baseline 0 -18"><span class='ocrx_word' id='word_1_98' title='bbox 93 1387 203 1426; x_wconf 76' lang='lat' dir='ltr'>notanus</span> <span class='ocrx_word' id='word_1_99' title='bbox 221 1377 297 1435; x_wconf 61' lang='lat' dir='ltr'>Rex,</span> <span class='ocrx_word' id='word_1_100' title='bbox 316 1373 434 1435; x_wconf 76' lang='lat' dir='ltr'>amicus,</span> <span class='ocrx_word' id='word_1_101' title='bbox 456 1373 503 1442; x_wconf 90' lang='lat' dir='ltr'>qui</span> <span class='ocrx_word' id='word_1_102' title='bbox 523 1391 570 1442; x_wconf 90' lang='lat' dir='ltr'>per</span> <span class='ocrx_word' id='word_1_103' title='bbox 589 1373 691 1426; x_wconf 86' lang='lat' dir='ltr'>hostem</span> <span class='ocrx_word' id='word_1_104' title='bbox 712 1375 808 1426; x_wconf 78' lang='lat' dir='ltr'>Barba-</span> 
     </span>
    </p>

    <p class='ocr_par' dir='ltr' id='par_1_5' title="bbox 10 1444 810 1572">
     <span class='ocr_line' id='line_1_16' title="bbox 10 1444 810 1517; baseline 0.001 -20"><span class='ocrx_word' id='word_1_105' title='bbox 10 1483 14 1490; x_wconf 78' lang='lat'>‚</span> <span class='ocrx_word' id='word_1_106' title='bbox 92 1444 204 1510; x_wconf 85' lang='lat' dir='ltr'>roffam,</span> <span class='ocrx_word' id='word_1_107' title='bbox 217 1449 346 1500; x_wconf 85' lang='lat' dir='ltr'>celebrem</span> <span class='ocrx_word' id='word_1_108' title='bbox 358 1447 486 1514; x_wconf 78' lang='lat' dir='ltr'>piratam,</span> <span class='ocrx_word' id='word_1_109' title='bbox 497 1447 527 1498; x_wconf 88' lang='lat' dir='ltr'>vi</span> <span class='ocrx_word' id='word_1_110' title='bbox 536 1448 653 1516; x_wconf 84' lang='lat' dir='ltr'>doloque</span> <span class='ocrx_word' id='word_1_111' title='bbox 672 1461 754 1517; x_wconf 80' lang='lat' dir='ltr'>regno</span> <span class='ocrx_word' id='word_1_112' title='bbox 766 1447 810 1498; x_wconf 86' lang='lat' dir='ltr'>de-</span> 
     </span>
     <span class='ocr_line' id='line_1_17' title="bbox 91 1519 549 1572; baseline -0.013 0"><span class='ocrx_word' id='word_1_113' title='bbox 91 1519 211 1572; x_wconf 81' lang='lat' dir='ltr'>turbatus</span> <span class='ocrx_word' id='word_1_114' title='bbox 230 1519 371 1569; x_wconf 79' lang='lat' dir='ltr'>exciderat.</span> <span class='ocrx_word' id='word_1_115' title='bbox 547 1539 549 1543; x_wconf 95' lang='lat'>·</span> 
     </span>
    </p>

    <p class='ocr_par' dir='ltr' id='par_1_6' title="bbox 90 1589 809 2024">
     <span class='ocr_line' id='line_1_18' title="bbox 128 1589 808 1658; baseline 0.001 -17"><span class='ocrx_word' id='word_1_116' title='bbox 128 1591 211 1642; x_wconf 86' lang='lat' dir='ltr'>Libro</span> <span class='ocrx_word' id='word_1_117' title='bbox 232 1591 274 1642; x_wconf 83' lang='lat'>1⁰.</span> <span class='ocrx_word' id='word_1_118' title='bbox 291 1589 479 1658; x_wconf 81' lang='lat' dir='ltr'>Aggrediamur</span> <span class='ocrx_word' id='word_1_119' title='bbox 497 1589 609 1658; x_wconf 85' lang='lat' dir='ltr'>primam</span> <span class='ocrx_word' id='word_1_120' title='bbox 632 1605 667 1641; x_wconf 81' lang='lat' dir='ltr'>ex</span> <span class='ocrx_word' id='word_1_121' title='bbox 688 1589 808 1642; x_wconf 83' lang='lat' dir='ltr'>Sardinia</span> 
     </span>
     <span class='ocr_line' id='line_1_19' title="bbox 91 1661 808 1729; baseline 0.001 -16"><span class='ocrx_word' id='word_1_122' title='bbox 91 1661 294 1729; x_wconf 83' lang='lat' dir='ltr'>navigationem</span> <span class='ocrx_word' id='word_1_123' title='bbox 315 1661 382 1726; x_wconf 85' lang='lat' dir='ltr'>(illa</span> <span class='ocrx_word' id='word_1_124' title='bbox 407 1677 464 1726; x_wconf 78' lang='lat' dir='ltr'>quae</span> <span class='ocrx_word' id='word_1_125' title='bbox 486 1677 521 1712; x_wconf 83' lang='lat' dir='ltr'>ex</span> <span class='ocrx_word' id='word_1_126' title='bbox 545 1662 688 1726; x_wconf 82' lang='lat' dir='ltr'>Hispania,</span> <span class='ocrx_word' id='word_1_127' title='bbox 711 1663 808 1714; x_wconf 80' lang='lat' dir='ltr'>huens-</span> 
     </span>
     <span class='ocr_line' id='line_1_20' title="bbox 92 1731 807 1802; baseline 0 -18"><span class='ocrx_word' id='word_1_128' title='bbox 92 1749 145 1801; x_wconf 88' lang='lat' dir='ltr'>que</span> <span class='ocrx_word' id='word_1_129' title='bbox 162 1732 213 1784; x_wconf 88' lang='lat' dir='ltr'>fuit</span> <span class='ocrx_word' id='word_1_130' title='bbox 231 1731 386 1798; x_wconf 76' lang='lat' dir='ltr'>praeterita)</span> <span class='ocrx_word' id='word_1_131' title='bbox 404 1731 464 1782; x_wconf 89' lang='lat' dir='ltr'>inde</span> <span class='ocrx_word' id='word_1_132' title='bbox 476 1733 538 1782; x_wconf 89' lang='lat' dir='ltr'>dum</span> <span class='ocrx_word' id='word_1_133' title='bbox 557 1731 673 1782; x_wconf 80' lang='lat' dir='ltr'>Alticam</span> <span class='ocrx_word' id='word_1_134' title='bbox 690 1735 807 1802; x_wconf 77' lang='lat' dir='ltr'>cogitat,</span> 
     </span>
     <span class='ocr_line' id='line_1_21' title="bbox 90 1801 808 1872; baseline -0.006 -14"><span class='ocrx_word' id='word_1_135' title='bbox 90 1803 246 1872; x_wconf 84' lang='lat' dir='ltr'>tempestate</span> <span class='ocrx_word' id='word_1_136' title='bbox 264 1802 291 1854; x_wconf 89' lang='lat' dir='ltr'>in</span> <span class='ocrx_word' id='word_1_137' title='bbox 308 1803 410 1858; x_wconf 84' lang='lat' dir='ltr'>Italiam</span> <span class='ocrx_word' id='word_1_138' title='bbox 424 1805 455 1854; x_wconf 89' lang='lat' dir='ltr'>ad</span> <span class='ocrx_word' id='word_1_139' title='bbox 472 1803 575 1855; x_wconf 83' lang='lat' dir='ltr'>Tiberis</span> <span class='ocrx_word' id='word_1_140' title='bbox 593 1802 658 1854; x_wconf 90' lang='lat' dir='ltr'>ostia</span> <span class='ocrx_word' id='word_1_141' title='bbox 675 1801 808 1870; x_wconf 76' lang='lat' dir='ltr'>rejicitur,</span> 
     </span>
     <span class='ocr_line' id='line_1_22' title="bbox 90 1873 809 1944; baseline -0.001 -14"><span class='ocrx_word' id='word_1_142' title='bbox 90 1878 153 1930; x_wconf 87' lang='lat' dir='ltr'>inde</span> <span class='ocrx_word' id='word_1_143' title='bbox 171 1877 286 1944; x_wconf 83' lang='lat' dir='ltr'>Romam</span> <span class='ocrx_word' id='word_1_144' title='bbox 314 1877 387 1928; x_wconf 85' lang='lat' dir='ltr'>&amp;ad</span> <span class='ocrx_word' id='word_1_145' title='bbox 406 1875 513 1928; x_wconf 82' lang='lat' dir='ltr'>Paulum</span> <span class='ocrx_word' id='word_1_146' title='bbox 530 1877 566 1928; x_wconf 83' lang='lat'>111</span> <span class='ocrx_word' id='word_1_147' title='bbox 585 1873 744 1928; x_wconf 81' lang='lat' dir='ltr'>Pontificem</span> <span class='ocrx_word' id='word_1_148' title='bbox 767 1875 809 1929; x_wconf 93' lang='lat' dir='ltr'>di·</span> 
     </span>
     <span class='ocr_line' id='line_1_23' title="bbox 90 1949 603 2024; baseline -0.004 -21"><span class='ocrx_word' id='word_1_149' title='bbox 90 1949 207 2024; x_wconf 68' lang='lat' dir='ltr'>grobos,</span> <span class='ocrx_word' id='word_1_150' title='bbox 226 1965 322 2020; x_wconf 84' lang='lat' dir='ltr'>magno</span> <span class='ocrx_word' id='word_1_151' title='bbox 341 1949 443 2001; x_wconf 86' lang='lat' dir='ltr'>honore</span> <span class='ocrx_word' id='word_1_152' title='bbox 464 1949 603 2017; x_wconf 86' lang='lat' dir='ltr'>excipitur.</span> 
     </span>
    </p>

    <p class='ocr_par' dir='ltr' id='par_1_7' title="bbox 86 2022 906 3012">
     <span class='ocr_line' id='line_1_24' title="bbox 128 2022 826 2090; baseline -0.003 -14"><span class='ocrx_word' id='word_1_153' title='bbox 128 2024 186 2076; x_wconf 89' lang='lat' dir='ltr'>Lib.</span> <span class='ocrx_word' id='word_1_154' title='bbox 210 2023 253 2073; x_wconf 76' lang='lat'>2⁰.</span> <span class='ocrx_word' id='word_1_155' title='bbox 281 2023 398 2090; x_wconf 81' lang='lat' dir='ltr'>Exponit</span> <span class='ocrx_word' id='word_1_156' title='bbox 427 2023 509 2074; x_wconf 88' lang='lat' dir='ltr'>Paulo</span> <span class='ocrx_word' id='word_1_157' title='bbox 537 2022 646 2074; x_wconf 83' lang='lat' dir='ltr'>Carolus</span> <span class='ocrx_word' id='word_1_158' title='bbox 669 2023 826 2086; x_wconf 48' lang='lat' dir='ltr'>rationasf‘</span> 
     </span>
     <span class='ocr_line' id='line_1_25' title="bbox 89 2093 808 2166; baseline -0.001 -17"><span class='ocrx_word' id='word_1_159' title='bbox 89 2096 187 2166; x_wconf 82' lang='lat' dir='ltr'>quibus</span> <span class='ocrx_word' id='word_1_160' title='bbox 217 2111 353 2162; x_wconf 84' lang='lat' dir='ltr'>permotus</span> <span class='ocrx_word' id='word_1_161' title='bbox 383 2097 435 2146; x_wconf 83' lang='lat' dir='ltr'>hoc</span> <span class='ocrx_word' id='word_1_162' title='bbox 460 2096 558 2146; x_wconf 84' lang='lat' dir='ltr'>bellum</span> <span class='ocrx_word' id='word_1_163' title='bbox 587 2095 713 2147; x_wconf 76' lang='lat' dir='ltr'>adversim</span> <span class='ocrx_word' id='word_1_164' title='bbox 734 2093 808 2148; x_wconf 86' lang='lat' dir='ltr'>Soli-</span> 
     </span>
     <span class='ocr_line' id='line_1_26' title="bbox 89 2166 808 2236; baseline -0.006 -14"><span class='ocrx_word' id='word_1_165' title='bbox 89 2169 182 2222; x_wconf 86' lang='lat' dir='ltr'>manni</span> <span class='ocrx_word' id='word_1_166' title='bbox 198 2169 365 2236; x_wconf 87' lang='lat' dir='ltr'>tyrannidem</span> <span class='ocrx_word' id='word_1_167' title='bbox 387 2166 580 2234; x_wconf 84' lang='lat' dir='ltr'>infringendam</span> <span class='ocrx_word' id='word_1_168' title='bbox 596 2167 754 2234; x_wconf 62' lang='lat' dir='ltr'>susceperim</span> <span class='ocrx_word' id='word_1_169' title='bbox 778 2180 808 2218; x_wconf 89' lang='lat' dir='ltr'>ut</span> 
     </span>
     <span class='ocr_line' id='line_1_27' title="bbox 91 2238 829 2312; baseline -0.004 -19"><span class='ocrx_word' id='word_1_170' title='bbox 91 2244 139 2312; x_wconf 91' lang='lat' dir='ltr'>qui</span> <span class='ocrx_word' id='word_1_171' title='bbox 158 2239 246 2308; x_wconf 86' lang='lat' dir='ltr'>primi&gt;</span> <span class='ocrx_word' id='word_1_172' title='bbox 263 2239 321 2309; x_wconf 81' lang='lat' dir='ltr'>post</span> <span class='ocrx_word' id='word_1_173' title='bbox 337 2239 428 2291; x_wconf 80' lang='lat' dir='ltr'>iratres</span> <span class='ocrx_word' id='word_1_174' title='bbox 446 2238 593 2288; x_wconf 72' lang='lat' dir='ltr'>oiiodecirn</span> <span class='ocrx_word' id='word_1_175' title='bbox 607 2240 747 2290; x_wconf 79' lang='lat' dir='ltr'>crudeliter</span> <span class='ocrx_word' id='word_1_176' title='bbox 756 2255 807 2290; x_wconf 74' lang='lat' dir='ltr'>va·</span> <span class='ocrx_word' id='word_1_177' title='bbox 823 2286 829 2301; x_wconf 83' lang='grc'><strong><em>,</em></strong></span> 
     </span>
     <span class='ocr_line' id='line_1_28' title="bbox 90 2308 806 2372; baseline -0.007 -6"><span class='ocrx_word' id='word_1_178' title='bbox 90 2313 131 2367; x_wconf 82' lang='lat' dir='ltr'>ria</span> <span class='ocrx_word' id='word_1_179' title='bbox 154 2327 240 2366; x_wconf 88' lang='lat' dir='ltr'>morte</span> <span class='ocrx_word' id='word_1_180' title='bbox 266 2314 402 2372; x_wconf 80' lang='lat' dir='ltr'>sublatos,</span> <span class='ocrx_word' id='word_1_181' title='bbox 422 2310 503 2362; x_wconf 83' lang='lat' dir='ltr'>etiam</span> <span class='ocrx_word' id='word_1_182' title='bbox 526 2308 679 2362; x_wconf 79' lang='lat' dir='ltr'>Muleaffem</span> <span class='ocrx_word' id='word_1_183' title='bbox 699 2311 806 2362; x_wconf 88' lang='lat' dir='ltr'>fratrem</span> 
     </span>
     <span class='ocr_line' id='line_1_29' title="bbox 90 2381 850 2455; baseline -0.009 -15"><span class='ocrx_word' id='word_1_184' title='bbox 90 2403 140 2455; x_wconf 85' lang='lat' dir='ltr'>per</span> <span class='ocrx_word' id='word_1_185' title='bbox 150 2383 332 2444; x_wconf 70' lang='lat' dir='ltr'>Barbarossam&#39;</span> <span class='ocrx_word' id='word_1_186' title='bbox 343 2400 425 2453; x_wconf 84' lang='lat' dir='ltr'>regno</span> <span class='ocrx_word' id='word_1_187' title='bbox 446 2399 476 2433; x_wconf 89' lang='lat' dir='ltr'>ac</span> <span class='ocrx_word' id='word_1_188' title='bbox 499 2382 556 2432; x_wconf 86' lang='lat' dir='ltr'>vita</span> <span class='ocrx_word' id='word_1_189' title='bbox 574 2383 710 2432; x_wconf 87' lang='lat' dir='ltr'>deturbare</span> <span class='ocrx_word' id='word_1_190' title='bbox 730 2381 807 2450; x_wconf 73' lang='lat' dir='ltr'>cogi·</span> <span class='ocrx_word' id='word_1_191' title='bbox 849 2429 850 2432; x_wconf 75' lang='grc'>,</span> 
     </span>
     <span class='ocr_line' id='line_1_30' title="bbox 90 2452 806 2521; baseline -0.008 -9"><span class='ocrx_word' id='word_1_192' title='bbox 90 2473 150 2521; x_wconf 85' lang='lat' dir='ltr'>tet,</span> <span class='ocrx_word' id='word_1_193' title='bbox 175 2475 206 2511; x_wconf 87' lang='lat' dir='ltr'>ac</span> <span class='ocrx_word' id='word_1_194' title='bbox 234 2457 327 2510; x_wconf 87' lang='lat' dir='ltr'>deinde</span> <span class='ocrx_word' id='word_1_195' title='bbox 348 2459 380 2508; x_wconf 89' lang='lat' dir='ltr'>ad</span> <span class='ocrx_word' id='word_1_196' title='bbox 405 2454 487 2506; x_wconf 85' lang='lat' dir='ltr'>ltaliae</span> <span class='ocrx_word' id='word_1_197' title='bbox 516 2452 702 2520; x_wconf 74' lang='lat' dir='ltr'>Hispaniaque</span> <span class='ocrx_word' id='word_1_198' title='bbox 727 2468 806 2520; x_wconf 85' lang='lat' dir='ltr'>arque</span> 
     </span>
     <span class='ocr_line' id='line_1_31' title="bbox 89 2523 807 2598; baseline -0.01 -15"><span class='ocrx_word' id='word_1_199' title='bbox 89 2533 203 2598; x_wconf 69' lang='lat' dir='ltr'>Europa</span> <span class='ocrx_word' id='word_1_200' title='bbox 223 2530 352 2582; x_wconf 82' lang='lat' dir='ltr'>universa</span> <span class='ocrx_word' id='word_1_201' title='bbox 380 2525 572 2596; x_wconf 81' lang='lat' dir='ltr'>poliessionem</span> <span class='ocrx_word' id='word_1_202' title='bbox 595 2523 711 2592; x_wconf 86' lang='lat' dir='ltr'>aspiret,</span> <span class='ocrx_word' id='word_1_203' title='bbox 734 2526 807 2591; x_wconf 90' lang='lat' dir='ltr'>quod</span> 
     </span>
     <span class='ocr_line' id='line_1_32' title="bbox 90 2597 807 2672; baseline -0.008 -14"><span class='ocrx_word' id='word_1_204' title='bbox 90 2621 177 2672; x_wconf 80' lang='lat' dir='ltr'>nuper</span> <span class='ocrx_word' id='word_1_205' title='bbox 191 2603 220 2656; x_wconf 87' lang='lat' dir='ltr'>in</span> <span class='ocrx_word' id='word_1_206' title='bbox 238 2601 398 2670; x_wconf 81' lang='lat' dir='ltr'>Hungatiam</span> <span class='ocrx_word' id='word_1_207' title='bbox 416 2599 598 2667; x_wconf 84' lang='lat' dir='ltr'>Austriamque</span> <span class='ocrx_word' id='word_1_208' title='bbox 609 2611 723 2661; x_wconf 80' lang='lat' dir='ltr'>terram,</span> <span class='ocrx_word' id='word_1_209' title='bbox 739 2597 807 2652; x_wconf 84' lang='lat' dir='ltr'>mari</span> 
     </span>
     <span class='ocr_line' id='line_1_33' title="bbox 88 2670 906 2742; baseline -0.01 -13"><span class='ocrx_word' id='word_1_210' title='bbox 88 2676 175 2729; x_wconf 81' lang='lat' dir='ltr'>etiam</span> <span class='ocrx_word' id='word_1_211' title='bbox 195 2675 345 2742; x_wconf 81' lang='lat' dir='ltr'>ingentibus</span> <span class='ocrx_word' id='word_1_212' title='bbox 363 2673 449 2741; x_wconf 86' lang='lat' dir='ltr'>copiis</span> <span class='ocrx_word' id='word_1_213' title='bbox 468 2673 578 2742; x_wconf 86' lang='lat' dir='ltr'>allapsus</span> <span class='ocrx_word' id='word_1_214' title='bbox 596 2670 657 2722; x_wconf 89' lang='lat' dir='ltr'>satis</span> <span class='ocrx_word' id='word_1_215' title='bbox 674 2671 806 2738; x_wconf 80' lang='lat' dir='ltr'>probave-</span> <span class='ocrx_word' id='word_1_216' title='bbox 903 2687 906 2692; x_wconf 90' lang='lat'>·</span> 
     </span>
     <span class='ocr_line' id='line_1_34' title="bbox 89 2742 805 2815; baseline -0.01 -15"><span class='ocrx_word' id='word_1_217' title='bbox 89 2749 127 2800; x_wconf 88' lang='lat' dir='ltr'>tit</span> <span class='ocrx_word' id='word_1_218' title='bbox 150 2749 390 2815; x_wconf 67' lang='lat' dir='ltr'>timendumque,</span> <span class='ocrx_word' id='word_1_219' title='bbox 412 2744 518 2814; x_wconf 78' lang='lat' dir='ltr'>quoda</span> <span class='ocrx_word' id='word_1_220' title='bbox 546 2742 698 2796; x_wconf 76' lang='lat' dir='ltr'>Christianis</span> <span class='ocrx_word' id='word_1_221' title='bbox 725 2744 805 2796; x_wconf 88' lang='lat' dir='ltr'>etiam</span> 
     </span>
     <span class='ocr_line' id='line_1_35' title="bbox 89 2815 808 2890; baseline -0.003 -18"><span class='ocrx_word' id='word_1_222' title='bbox 89 2821 209 2890; x_wconf 82' lang='lat' dir='ltr'>Regibus</span> <span class='ocrx_word' id='word_1_223' title='bbox 220 2821 252 2871; x_wconf 90' lang='lat' dir='ltr'>ad</span> <span class='ocrx_word' id='word_1_224' title='bbox 270 2833 372 2872; x_wconf 88' lang='lat' dir='ltr'>tantum</span> <span class='ocrx_word' id='word_1_225' title='bbox 389 2819 490 2870; x_wconf 84' lang='lat' dir='ltr'>facinus</span> <span class='ocrx_word' id='word_1_226' title='bbox 507 2833 681 2884; x_wconf 85' lang='lat' dir='ltr'>provocetur.</span> <span class='ocrx_word' id='word_1_227' title='bbox 696 2817 761 2869; x_wconf 81' lang='lat' dir='ltr'>Haec</span> <span class='ocrx_word' id='word_1_228' title='bbox 771 2815 808 2878; x_wconf 49' lang='lat' dir='ltr'>ila</span> 
     </span>
     <span class='ocr_line' id='line_1_36' title="bbox 86 2887 671 3012; baseline -0.015 -61"><span class='ocrx_word' id='word_1_229' title='bbox 86 2891 145 2951; x_wconf 82' lang='lat' dir='ltr'>lius</span> <span class='ocrx_word' id='word_1_230' title='bbox 155 2891 285 2961; x_wconf 82' lang='lat' dir='ltr'>temporis</span> <span class='ocrx_word' id='word_1_231' title='bbox 297 2890 406 2946; x_wconf 85' lang='lat' dir='ltr'>historia</span> <span class='ocrx_word' id='word_1_232' title='bbox 417 2891 474 2943; x_wconf 71' lang='lat' dir='ltr'>tusi</span> <span class='ocrx_word' id='word_1_233' title='bbox 486 2887 671 3012; x_wconf 52' lang='lat' dir='ltr'>suppeditapit.</span> 
     </span>
    </p>
   </div>
   <div class='ocr_carea' id='block_1_3' title="bbox 0 0 1048 3652">
    <p class='ocr_par' dir='ltr' id='par_1_8' title="bbox 0 0 1048 3652">
     <span class='ocr_line' id='line_1_37' title="bbox 0 0 1048 3652; baseline 0 3"><span class='ocrx_word' id='word_1_234' title='bbox 0 0 1048 3652; x_wconf 95' lang='lat' dir='ltr'> </span> 
     </span>
    </p>
   </div>
  </div>
 </body>
</html>
