2076 3652
349 326 639 396 Pousrn
832 347 848 423 ς

134 453 217 513 atque
235 441 391 513 irrepertum
411 449 571 504 credibiliter
590 460 669 516 queat
687 450 849 515 producere,

134 517 212 568 notis
228 532 322 570 ¹autent
339 519 445 591 jamque
463 523 562 589 passim
580 521 717 572 celebraris
740 521 851 590 gratiam

58 629 61 638 r
134 604 287 656 reperturus
302 594 401 644 nonsit
412 613 420 652 ¹,
432 611 518 661 neque
533 594 624 645 eadem
639 592 718 644 liceat
732 593 851 643 fidlioni-

133 663 186 713 bus
209 678 286 730 atque
306 665 434 733 episodiis
455 683 605 728 exornare,
629 683 686 734 que
712 664 852 716 verisimi-

132 733 170 786 lis
194 735 323 788 rationem
342 739 488 806 promereri
509 757 564 791 non
589 738 702 806 possint.
728 735 849 788 Maxime

131 805 217 875 igitur
231 809 327 861 idonea
342 812 428 863 futura
443 811 496 874 est,
518 831 575 880 quae
591 829 647 863 uno
663 813 782 862 alterove
796 827 811 860 a
823 825 850 860 te

130 895 238 932 remota
252 883 361 945 seculo,
378 901 427 936 nec
439 883 555 954 fingendi
573 883 720 935 libertatem
730 883 847 944 adimet,

130 968 183 1004 nec
203 956 404 1006 credibilitatem
424 974 533 1008 omnem
553 958 639 1008 tollet.
690 967 695 978 ·

172 1025 215 1076 2⁰.
229 1027 383 1095 Requiritur
397 1045 427 1080 ut
443 1029 479 1080 sit
488 1047 535 1077 una
550 1028 625 1082 adio,
643 1027 730 1093 quoad
740 1021 850 1075 substan-

130 1097 198 1150 tiam
215 1099 361 1161 videlicet,
380 1117 461 1167 quum
476 1101 588 1162 fabulae,
603 1113 657 1165 'per
676 1113 740 1164 quas
752 1095 850 1146 verisi-

130 1171 234 1222 militer
252 1187 380 1236 ornatur‚
395 1188 474 1240 atque
492 1170 652 1234 extollitur,
670 1171 789 1236 adeoque
810 1182 851 1217 to·

129 1257 159 1295 ta
180 1243 250 1294 auio
278 1261 339 1296 cum
364 1245 441 1312 poesi
462 1245 535 1296 varii
556 1242 727 1312 quantumvis
751 1255 851 1292 conne-

112 1314 239 1379 ,azaele
257 1318 353 1386 possit.
373 1318 443 1370 Hinc
462 1317 538 1369 Arist.
558 1320 586 1370 in
604 1316 679 1368 Poer.
699 1331 721 1366 c.
743 1325 797 1376 23,
818 1313 850 1362 de

130 1389 265 1455 Epopoeia
278 1390 359 1452 dicit,
374 1392 472 1442 versari
492 1392 564 1443 illam
580 1385 634 1456 ursui
656 1385 719 1461 μιίιι
739 1385 851 1454 πράξω,

130 1461 194 1523 ἴλην
213 1468 259 1521 ui
277 1463 398 1532 τιλιῖιιι,
415 1465 514 1536 iguem
529 1465 625 1539 ἀρχὴν,
647 1462 692 1524 nui
704 1463 779 1538 prieur
801 1471 851 1522 nuri

131 1538 237 1608 rimo,
255 1543 318 1590 circa
334 1544 444 1591 astionem
454 1561 540 1598 unam,
554 1563 644 1599 totam,
658 1546 771 1608 integrum
782 1575 789 1598 ‚
800 1541 851 1590 ini·

131 1617 189 1673 tio,
208 1615 283 1664 medio
301 1629 369 1677 atquc
382 1613 433 1681 fine
450 1615 589 1674 constantem
602 1635 611 1673 ς
623 1617 676 1667 hoc
691 1613 744 1675 est,
760 1611 850 1681 quae'a

131 1685 271 1753 principio
290 1685 321 1732 ad
339 1682 419 1735 finem
434 1683 515 1748 usque
531 1687 699 1736 uniformiter
714 1688 849 1746 decurrat,

134 1772 224 1824 neque
244 1770 333 1805 tamen
352 1771 386 1805 ex
407 1755 519 1805 diversis
538 1756 704 1819 unionibus,
724 1769 849 1820 tanquam

133 1828 272 1898 partibus,
289 1841 473 1893 componatur.
490 1829 566 1880 Unde
581 1831 698 1880 eamdem
714 1830 851 1899 πολυμερῆ

133 1901 234 1954 ibidem
254 1897 305 1950 effe
323 1914 405 1950 vetat.
424 1901 516 1967 Neque
537 1915 626 1954 tamen
646 1900 675 1952 in
693 1901 785 1954 fabulae
807 1917 851 1954 to·

132 1974 188 2027 tius
201 1971 395 2025 construdlione
404 1972 469 2024 illud
479 1973 564 2043 exigit
575 2014 582 2039 ‚
594 1991 676 2044 quum
687 1977 756 2028 addit
772 1977 851 2032 imira-

133 2049 222 2098 tionem
239 2046 339 2113 Epirum
354 2047 429 2110 minuis
445 2065 513 2096 uuum
534 2047 601 2114 effe,
622 2049 688 2114 quim
709 2049 849 2118 Tragicam,

133 2121 198 2189 quid
207 2139 237 2170 ex
248 2120 406 2187 qualicumque
417 2121 550 2171 imitatione
558 2121 638 2190 plures
646 2121 849 2192 Trugoediaefiunr.

129 2191 257 2255 Accedit,
275 2190 347 2259 quod
362 2191 541 2258 implexiones
551 2193 579 2244 in
589 2195 718 2260 Epopoeia
730 2197 849 2262 plerum·

134 2281 187 2334 que
206 2264 351 2316 crebriores
373 2263 452 2331 quim
470 2263 499 2314 in
513 2265 653 2334 Tragoedia
675 2267 849 2334 reperiantur.

132 2338 236 2389 insola
255 2337 336 2405 igitur
350 2336 455 2387 adlione
473 2353 530 2404 quae
546 2335 697 2388 stelionibus
715 2355 849 2390 exornan-

134 2411 167 2461 da
186 2409 239 2472 est,
262 2406 364 2460 nonin
385 2408 451 2475 ipsis
471 2407 626 2460 fidiionibus
645 2409 733 2462 unitas
753 2411 850 2478 quari·

134 2496 202 2540 tuti
223 2497 272 2532 nec
290 2480 505 2549 qualiscumque,
523 2481 569 2532 vel
586 2480 723 2548 generica‚
741 2484 787 2532 vel
807 2499 852 2552 ag-

135 2553 318 2624 gregationis,
338 2554 382 2604 vel
402 2553 550 2620 temporis,
569 2551 613 2604 sed
629 2552 748 2604 indivisa
764 2553 849 2622 ipsius

136 2626 269 2688 astionis,
285 2639 315 2676 ut
330 2624 397 2677 nihil
413 2627 443 2677 ab
463 2642 493 2677 ea
511 2624 572 2677 tolli
589 2623 691 2693 possit,
712 2624 776 2696 quin
791 2625 850 2692 ejus

134 2698 272 2767 integritas
288 2698 415 2751 violetur.
434 2699 523 2751 Debet
542 2698 614 2750 enim
633 2699 714 2750 Poeta
732 2699 760 2750 in
776 2699 851 2752 fabu-

134 2773 167 2823 1ae
188 2771 399 2835 substrudiione,
422 2789 505 2824 unum
524 2773 647 2840 quiddam
665 2771 797 2838 spedlare,
821 2789 851 2824 ut

135 2841 172 2895 ait
187 2859 244 2910 cap.
264 2845 323 2896 eod.
341 2857 384 2908 23.
406 2847 446 2896 Ita
468 2847 601 2897 Homerus
620 2843 803 2896 fortitudinem
823 2845 852 2896 in

113 2941 116 2946 ¹
135 2916 239 2968 Achille
258 2917 296 2968 sic
305 2919 472 2970 commendat
485 2955 492 2980 ,
507 2933 537 2970 ut
556 2916 612 2983 eius
632 2917 754 3039 orrkande
767 2917 851 2986 gratii

712 3005 740 3052 ιι]
