2086 3652
281 291 284 298 .
347 249 633 320 Ponere.
800 265 890 346 ‘13'-

136 367 260 434 Deinde,
279 371 351 438 qnod
368 371 531 439 praecipuum
547 371 583 424 est
602 385 787 442 argumentum
805 375 850 426 so-

136 446 246 510 lumque
266 445 297 494 ad
319 444 523 510 persuadendum
547 444 668 509 sufficit,
694 445 756 498 finis
782 447 849 513 Epo·

137 513 214 583 poeiae
234 533 281 582 pet
297 515 424 580 ejusmodi
442 534 538 584 poema
554 517 688 569 obtinetur
704 537 710 570 :
724 518 850 570 nimirum

137 602 169 638 ut
188 587 264 656 pravi
284 589 312 640 in
334 591 429 650 animis
447 588 574 653 affectus,
595 607 655 641 cum
675 591 851 643 admiratione

139 659 166 711 δι
177 663 329 729 voluptate,
346 662 440 714 salubri
450 678 524 714 metu
534 679 733 733 perpurgentur.
745 665 780 714 At
788 663 849 727 ubi,

136 732 256 801 inquies,
268 737 394 802 voluptas
409 737 435 788 δι
447 736 585 788 admiratio
597 737 626 787 in
638 737 683 788 tali
698 735 850 804 Epopoeia?

137 807 190 858 Ubi
210 808 265 860 haec
285 811 393 870 eadem,
412 825 526 876 quaeram
544 826 616 876 ego,
635 809 666 860 in
681 809 776 862 similis
793 826 849 860 ma·

136 879 209 930 teriae
227 881 368 950 Tragoedia
388 883 398 932 ἓ
421 883 573 933 Fabularum
595 883 748 949 opportuna
764 882 850 933 intro-

137 951 260 1004 dutiione
285 953 444 1004 conciliatur
465 953 509 1004 illa
529 954 606 1018 poesi
630 955 739 1020 gratia,
764 970 851 1020 neque

136 1024 179 1076 bic
188 1042 235 1092 per
245 1025 403 1094 gravitatem
413 1025 538 1076 faenoris
555 1027 565 1092 (
576 1041 654 1090 quam
666 1024 764 1075 idcirco
781 1041 851 1075 amo·

137 1102 253 1166 vernus)
268 1097 418 1158 evertitur,
433 1111 462 1146 ut
479 1096 507 1146 in
518 1096 595 1148 Statii
613 1099 738 1164 exemplo
756 1095 852 1148 facium

138 1169 182 1222 est.
203 1171 309 1220 Metum
329 1167 395 1221 verb
417 1169 543 1240 salubrem
565 1171 749 1222 &horrorem
770 1169 851 1220 scele-

137 1260 216 1306 rum,
237 1253 303 1294 cum·
316 1241 425 1294 virtutis
445 1241 637 1306 allimatione,
655 1259 735 1310 poena
752 1241 852 1294 inslisla

137 1316 274 1368 conciliat.
295 1315 397 1367 Vettlm
421 1332 477 1366 non
498 1317 612 1368 diffiteor
632 1315 765 1367 inferioris
785 1316 851 1368 hanc

137 1387 296 1456 Epopoeiam
308 1388 410 1440 ordinis
424 1388 611 1457 dignitatisque
624 1387 674 1442 effe
683 1407 689 1440 ι
697 1403 757 1440 tum·
765 1389 852 1456 quoad

138 1459 291 1524 materiam,
310 1478 367 1528 qua
386 1460 422 1512 est
442 1461 591 1529 ignobilis,
606 1460 727 1528 quamvis
744 1461 850 1513 illustris

138 1535 258 1600 personae
276 1531 345 1584 auio
362 1551 369 1591 3
385 1547 442 1584 tum
458 1535 545 1600 quoad
560 1533 641 1584 finem
657 1533 848 1597 intrinsecum,

139 1604 187 1674 qui
208 1603 245 1655 est
264 1603 359 1654 infelix
378 1604 475 1654 exitus.
492 1606 569 1656 Unde
582 1605 663 1656 etiam
681 1605 766 1658 eidem
786 1623 852 1658 non·

140 1673 199 1727 nisi
217 1674 389 1726 accommode
413 1675 533 1740 superior
556 1675 677 1727 definitio
697 1679 852 1738 convenit3

138 1745 164 1800 ¹si
182 1746 309 1800 videlicet
323 1763 369 1814 per
385 1746 517 1797 astionem
533 1748 623 1798 herois
632 1785 642 1809 ,.
657 1749 779 1814 quaelibet
794 1749 850 1810 ejus

139 1819 210 1874 actio
231 1818 319 1888 gravis
339 1819 500 1886 accipiatur,
519 1817 583 1871 lic'et
603 1835 667 1870 cum
680 1820 770 1888 aliquo
784 1837 849 1872 con-

138 1893 228 1962 jundla
243 1893 339 1944 scelere
357 1931 366 1955 ,
383 1892 465 1946 modb
482 1891 540 1944 aliis
556 1892 660 1944 dotibus
679 1893 748 1946 inter
762 1893 851 1945 homi·

140 1985 187 2020 nes
204 1968 324 2018 excellat.
342 1966 425 2018 Porro
443 1967 539 2018 scelera
554 1966 615 2030 ista,
633 1965 726 2034 quibus
742 1965 852 2019 naturali

140 2039 315 2094 inclinatione
332 2055 425 2092 contra
441 2039 568 2092 virtutem
583 2040 726 2104 favemus,
746 2055 775 2092 ut
793 2041 852 2093 sunt

140 2131 263 2176 amores,
282 2112 321 2165 uti
338 2131 354 2164 a
369 2115 490 2176 theatro,
505 2114 544 2165 sic
561 2115 591 2164 ab
611 2113 700 2180 Epicis
715 2117 852 2172 excludo-3

142 2205 223 2255 quum
232 2188 300 2254 sape
315 2188 440 2253 exemplo
454 2186 539 2254 magis
548 2187 665 2248 trahant,
676 2185 755 2252 quim
764 2183 852 2238 infeli-

142 2260 167 2310 ci
186 2259 261 2310 exitu
275 2261 430 2310 deterreant.
448 2255 511 2322 Qub
527 2257 606 2308 etiam
627 2259 772 2310 execranda
785 2275 852 2325 quae·

143 2349 194 2400 que
212 2333 308 2384 scelera
322 2331 458 2400 spedlant,
479 2329 572 2396 quihus
589 2329 798 2398 indignationem
818 2331 853 2382 fa·

124 2401 195 2457 'cil'e
211 2403 404 2472 expendimus,
423 2419 454 2453 ac
468 2417 574 2468 poenam
592 2417 723 2468 optamus.
744 2405 801 2454 Nos
819 2402 854 2452 il·

142 2477 194 2532 lius
205 2477 343 2545 Epopoeiae
360 2477 512 2542 exemplum
527 2473 634 2540 aliquod
649 2474 677 2524 in
687 2474 780 2524 Adami
797 2475 853 2540 lap·

77 2583 80 2588 ·
133 2551 174 2612 ,su
196 2568 210 2602 a
232 2551 293 2602 Deo
311 2547 383 2613 justis
404 2547 492 2616 poenis
512 2545 635 2614 castigato
651 2544 853 2614 proposuimus3

144 2621 217 2688 cujus
241 2639 332 2676 tamen,
351 2620 482 2690 poematis
508 2636 625 2686 corpus,
644 2620 728 2687 magis
749 2620 779 2670 ad
800 2617 853 2670 stu·

144 2695 224 2748 diosae
237 2695 383 2758 juventutis
397 2696 621 2756 emolumentum,
635 2691 713 2760 quim
730 2692 854 2744 absolutae

144 2767 207 2822 artis
225 2770 296 2837 leges
313 2767 507 2835 compositum,
523 2781 552 2819 ut
568 2766 616 2818 suo
631 2768 694 2819 loco
710 2765 855 2832 intelliges.
928 2793 931 2802 =

147 2909 150 2917 .
181 2839 250 2894 Dixi
265 2840 367 2894 exitum
382 2841 439 2895 sine
454 2841 550 2896 scelere
562 2839 696 2902 infelicem
707 2834 860 2904 edepodet
