2086 3652
245 539 493 611 CAPUT
547 541 707 614 VIII.-

109 672 112 676 '
185 659 242 728 Dr
272 659 443 752 elocutione
466 661 562 751 Epiri
594 661 752 732 carminis·
808 729 823 740 ,,

109 787 204 908 Uti
215 869 233 904 n
251 850 330 918 liuius
348 853 457 922 poesios
468 853 554 906 virtus
570 853 607 906 est
623 853 748 908 illustrem
761 857 825 912 effe.

107 925 178 976 Nam
196 940 226 976 ut
242 926 361 996 egregias
383 941 539 994 magnorum
559 928 671 978 heroum
688 928 824 993 actiones,

108 995 155 1049 illa
173 1015 232 1066 quae
249 1000 293 1051 hic
310 997 487 1065 principatum
505 998 597 1060 ducit,
612 999 742 1066 Epopoeia
763 1017 827 1068 per-

108 1069 228 1136 sequitur
245 1089 253 1129 ;
273 1071 310 1122 ita
328 1086 433 1137 aequum
449 1069 485 1119 cst
504 1069 561 1136 pari
584 1069 713 1122 orationis
733 1075 825 1124 colore

108 1139 165 1206 ejus
181 1143 325 1212 imaginem
344 1141 508 1204 adumbrari,
528 1159 561 1194 ne
583 1141 630 1194 suo
653 1159 745 1211 parum
762 1142 826 1210 apto,

107 1225 259 1284 prototypo
283 1213 437 1265 consentiat.
453 1215 542 1267 Altera
559 1229 647 1266 tamen
665 1214 749 1284 ipsius
766 1217 826 1270 vir·
842 1244 852 1256 ’-

107 1299 152 1339 tus
170 1305 226 1339 non
243 1286 331 1339 minds
347 1287 430 1356 Epico
449 1286 572 1356 scriptori
589 1287 741 1340 inculcanda
761 1288 798 1340 est
815 1308 824 1344 t

105 1373 138 1411 ut
154 1361 254 1412 scilicet
275 1359 411 1428 perspicua
434 1377 540 1412 maneat
559 1359 655 1413 oratio.
675 1361 824 1430 Loquimur

105 1430 196 1495 enim,
207 1448 237 1484 ut
248 1433 376 1496 eximiam
387 1449 466 1500 quarn
477 1435 509 1484 de
525 1433 627 1501 magnis
643 1435 719 1486 rebus
731 1433 824 1488 existi.

106 1504 255 1556 mationem
271 1505 456 1572 concepimus,
475 1505 588 1558 aliorum
603 1522 710 1574 quoque
722 1507 824 1562 animis
848 1571 853 1580 x

106 1573 293 1644 ingeneremus
315 1594 323 1634 ;
349 1592 405 1642 quo
427 1575 457 1626 si.
473 1577 624 1646 excidamus
650 1579 792 1646 proposito
811 1611 827 1646 0

106 1663 218 1712 operam
243 1648 386 1714 oleumque
414 1647 546 1712 perdimus
565 1666 573 1706 ;
593 1649 683 1702 frustra
705 1669 824 1719 gemmas

107 1717 246 1768 exhibebis
268 1731 324 1767 non
346 1718 556 1785 agnoscentibus.
582 1717 714 1786 Praecipua
742 1723 823 1790 igitur

106 1789 162 1841 boc
177 1787 206 1840 in
224 1789 339 1840 carmine
356 1805 398 1839 ars
415 1789 483 1851 erit,
501 1787 665 1853 coniunxiffe
684 1805 824 1860 utramque

106 1861 237 1914 virtutem
249 1899 257 1924 ,
270 1875 397 1930 tanquam
408 1859 525 1914 indolem
535 1878 618 1914 unam¹
630 1861 688 1916 sine
699 1866 823 1918 oblitera-

105 1933 183 1986 tione
196 1931 323 1988 alterius.'.
331 1933 424 1986 Paucis
442 1937 524 1987 multa
540 1933 693 1988 Aristoteles
712 1937 823 1992 ffixirde

105 2025 136 2060 re
146 2007 221 2060 Poet.
233 2023 257 2060 c.
271 2021 312 2070 14.
322 2009 361 2058 Sit
369 2005 506 2075 perspicua,
519 2028 565 2060 nor
576 2010 676 2063 humiles.
688 2011 824 2076 Quemad2

106 2082 218 2134 modurn
238 2079 305 2133 veri)
325 2079 447 2132 illustrari
467 2081 605 2151 perspicua
629 2083 716 2136 oratio
736 2083 824 2153 poffer

105 2153 197 2206 verbis
222 2153 385 2217 rarioribus,
406 2155 592 2223 gravioribus,
618 2156 729 2224 tropicis
755 2157 823 2209 iteru'

107 2223 222 2294 apteque
231 2225 338 2278 novatis
347 2225 486 2292 ,epithetis
498 2226 661 2294 dignioribus
673 2245 704 2280 ac
713 2227 823 2281 circum'ss

107 2298 288 2351 locutionibus
306 2313 314 2358 ;
335 2298 428 2350 deinde
444 2298 602 2365 phrasibus,
625 2299 707 2353 modb
723 2299 823 2371 figura-⁴

107 2369 160 2433 tis,
182 2370 263 2423 modd
286 2387 321 2423 ex
340 2370 431 2439 grecis
453 2371 534 2422 etiam
555 2370 672 2423 lontibus
699 2373 825 2440 apposit'e

107 2443 251 2508 stabilis,
271 2443 353 2495 modii
376 2443 507 2510 exemplis
530 2443 823 2513 comparationibusque

107 2531 139 2566 ac
155 2517 314 2584 quandoque
330 2514 410 2568 etiam
430 2515 550 2568 licentiis
565 2529 708 2582 poetarum·
720 2532 824 2584 oppor-

107 2586 173 2641 tuni
189 2588 339 2656 usurpatis,
360 2587 465 2656 integro
486 2587 555 2639 libro
575 2585 822 2655 parr.1¹exposui;

107 2674 187 2728 atque
202 2660 462 2728 Epicipotissintti'm
479 2660 620 2723 carminis,
636 2676 665 2712 ut
676 2663 748 2729 quod
765 2664 821 2730 pri,-

106 2747 166 2784 mas
182 2733 260 2785 facile
274 2733 304 2784 in
314 2735 391 2801 poesi
402 2735 481 2787 haber
491 2747 597 2802 partes,
613 2733 743 2800 exemplis
759 2735 825 2788 usus·

106 2804 179 2868 firm,
191 2804 322 2874 castigatis
336 2805 417 2858 etiam
430 2807 477 2875 qui
491 2808 520 2858 in
533 2805 632 2859 vitium
646 2805 822 2871 declinarent,

107 2875 280 2944 scriptoribus
294 2879 482 2950 ·‚.proindeque
506 2879 550 2934 bic
570 2881 647 2934 labor
671 2893 752 2932 meus
765 2893 834 2951 nom
