2086 3652
299 325 451 401 ¹Pon
477 345 498 396 s
524 345 544 396 r
570 347 604 404 r.
776 331 827 429 65.

101 442 686 514 Hiccampoindulget‚lruncaleadecoquit,slle
764 509 766 514 ,

102 529 131 583 In
140 531 256 586 Venerem
264 543 349 600 putret.
359 532 405 586 Sed
415 546 486 600 quum
495 532 596 600 lapidosa
606 534 709 602 chiragra

102 617 206 686 fregerit
214 619 338 684 articulos,
350 620 435 673 veteris
445 619 537 672 ramalia
549 619 610 688 sagi,

101 704 170 760 Tunc
183 707 264 760 crassos
275 709 374 761 transisse
384 707 433 760 dies
444 707 584 776 ,lucemque
593 707 729 774 palustrem„

100 793 131 846 Et
141 795 204 859 sibi,
215 795 261 860 jam
272 796 327 858 seri,
341 797 412 848 vitam
422 796 555 863 ingemueoe
566 795 677 851 relidam.

100 884 135 936 At
143 895 167 936 te
175 875 291 936 nocturnis
301 883 365 948 juvat
374 883 528 950 impallescere
538 884 632 936 chartis.

101 969 185 1023 Cultor
195 972 257 1024 enim
267 971 377 1037 iuvenum
386 982 492 1038 purgatas
503 969 581 1024 inseris
592 984 659 1022 aures

100 1055 173 1126 Fruge
184 1058 350 1112 Cleanthea...

135 1170 354 1236 Animadvertit,
373 1167 490 1239 opinor,
513 1172 735 1241 quemadmodum
761 1175 823 1228 Ho-

97 1245 162 1297 ratii
184 1246 272 1300 oratio
295 1245 440 1297 macilento
463 1246 578 1314 quodam
599 1260 679 1315 atque
706 1247 822 1302 exsucco

97 1319 222 1388 corporis
242 1319 348 1372 incedat
367 1316 476 1380 habitu,
492 1332 523 1370 ut
540 1320 706 1387 voluptatem
725 1338 821 1389 quant·

98 1391 159 1442 dam
170 1409 206 1444 ex
221 1392 332 1444 ridicula
343 1407 431 1442 rerum
447 1391 624 1458 descriptione
635 1407 722 1460 captet
733 1412 740 1452 3
751 1411 822 1446 con--

96 1475 138 1514 tra
157 1463 264 1516 Persius
282 1463 385 1531 turgida
403 1461 539 1530 &pingui
560 1465 669 1530 quadam
687 1465 818 1519 sermonis

95 1535 200 1602 adipati
217 1536 290 1585 mole
312 1535 380 1584 hanc
397 1535 515 1584 eamdem
534 1535 736 1588 desediationem
761 1555 819 1590 ant--

94 1606 153 1658 biat
172 1618 319 1670 tuterque‚
338 1605 384 1655 ille
400 1603 480 1656 nimis
495 1605 624 1666 exsucca,
643 1608 687 1660 hic
704 1609 817 1667 nimium

95 1675 181 1728 craffia
198 1675 321 1726 oratione
342 1676 439 1726 tardus.
461 1675 598 1728 iuvenalis
624 1678 694 1729 iuter
714 1695 826 1733 utrum-a

96 1763 152 1816 que
172 1745 293 1809 medius,
314 1745 372 1813 ipsai
400 1743 525 1797 didionis
551 1748 653 1800 amoeni
677 1749 817 1817 agilitate,

94 1835 225 1888 tanquam
240 1817 269 1868 in
283 1816 487 1882 scenahistrio,
502 1834 611 1870 ornnem
627 1821 766 1886 personam
778 1823 819 1874 in·

94 1891 175 1956 duit,
200 1891 334 1959 risumque
361 1888 458 1953 majori
486 1891 649 1944 audientium
675 1895 817 1962 voluptate

91 1963 231 2034 perfusum
243 1978 373 2032 occupat,
389 1979 449 2015 curn
462 1965 576 2032 eleganti
587 1964 815 2034 orationis‘flore,

93 2053 139 2089 res
158 2035 285 2105 quassibet
308 2038 353 2088 vel
378 2049 474 2088 ornatu
496 2037 565 2101 suo,
584 2039 630 2090 vel
651 2039 817 2108 turpitudine

95 2109 183 2161 oculis
201 2107 341 2171 subjiciens
352 2147 360 2172 ‚
373 2121 403 2160 ut
418 2122 525 2176 poetam
542 2109 594 2163 effe
608 2111 752 2181 intelligas.

132 2181 201 2232 Rara
215 2180 314 2248 ubique
331 2194 443 2232 venatur
454 2180 560 2234 Persius
579 2183 605 2233 δι
616 2183 718 2236 remot'e
733 2187 815 2238 trans·

93 2253 149 2304 lata
166 2271 175 2312 ·,
192 2252 337 2320 protritum
354 2251 407 2318 ipsi
423 2251 504 2303 nimis
520 2253 555 2303 sit
570 2252 635 2304 illud
650 2255 728 2324 Virg.
748 2257 813 2310 AEn.

95 2325 176 2375 Durat
185 2325 290 2376 declinat
300 2325 389 2374 lumina
395 2321 496 2391 somn03
506 2341 588 2392 quum
597 2339 686 2378 tamen
695 2328 747 2380 hoc
756 2329 815 2396 qui·

94 2395 140 2449 vis
149 2396 241 2460 malit,
257 2395 337 2464 quiam
345 2393 473 2465 turgescere
483 2433 491 2458 ,
501 2397 554 2448 hoc
568 2396 619 2459 est,
631 2399 711 2465 inflari
717 2398 813 2466 somaro.
896 2461 900 2467 ⁵

95 2467 186 2536 Quam
202 2482 336 2520 remotum
350 2468 407 2532 est,
427 2469 500 2537 quod
516 2467 704 2539 senisdigitos
720 2475 814 2540 appel-

95 2542 134 2594 ler
150 2542 237 2594 veteris
254 2541 355 2592 ramalia
367 2541 422 2610 sagi
438 2543 448 2592 s
465 2541 526 2592 Hoc
549 2555 659 2606 tamen,
675 2559 756 2610 quum
776 2561 812 2600 ear

97 2613 208 2666 ridicula
221 2613 421 2681 comparatione
434 2613 543 2682 gratiam
558 2627 705 2677 mereamur,
721 2615 750 2667 in
765 2618 817 2670 San

97 2686 167 2755 tyris
183 2702 240 2738 non
258 2686 431 2754 reprehendo.
452 2685 554 2740 Verr'rm
570 2689 642 2755 quod
659 2686 729 2741 nral'e
747 2705 812 2742 exa-

96 2759 168 2812 &um
178 2772 283 2826 tempus
296 2759 381 2826 craffor
393 2763 461 2817 diet,
480 2760 597 2827 lucemque
610 2761 734 2828 palustrem
745 2779 812 2814 nun·

96 2845 200 2897 cuper,
225 2829 303 2884 crasse
329 2831 391 2884 satia
417 2834 522 2886 locutus
544 2832 580 2888 est
599 2849 608 2892 ·,
629 2849 715 2900 neque
739 2835 813 2886 eninr

95 2903 182 2972 perse
197 2901 262 2956 illud
278 2919 314 2957 ex
334 2905 489 2972 metaphora
507 2903 665 2968 ventrium,
676 2905 818 2972 nequead
