2086 3652
208 253 256 337 52
394 236 731 308 HrroreA

206 357 344 412 scribendo
370 356 493 424 maluit,
518 355 596 427 quim
624 355 751 408 carminis
780 341 931 410 mollitiem*

207 431 309 486 sedari.
326 429 369 482 Sic
385 430 502 496 eiusdem
521 430 551 482 in
573 445 681 482 omnem
705 441 807 496 partem
830 428 928 480 obluta

207 505 288 556 tando
303 501 376 557 versi
391 502 535 574 imaginem
552 501 581 554 in
597 501 686 554 verbis
701 499 791 553 ultimi
805 499 927 552 hemisti-

208 576 261 628 chii
280 578 413 645 eleganter
442 573 575 643 exposuit.
600 575 641 626 Ita
665 590 752 642 neque
779 571 929 642 usurpasset

209 649 367 701 Claudianus
382 647 449 700 illud
464 647 605 712 Maronis,
622 647 670 700 lib.
688 661 717 711 7.

207 740 321 793 Subliues
333 741 355 790 in
367 743 432 806 equis
442 739 575 796 redense...

211 848 297 902 neque
318 831 403 896 Μ’
544 941 546 946 .
582 899 676 952 Arduus
690 899 741 951 altis

210 985 383 1041 Pulremleutus
394 987 459 1055 equis
475 986 565 1040 furit...

212 1095 294 1149 quum
309 1093 400 1132 tameo
416 1092 531 1148 utroque
551 1081 616 1132 loco
632 1075 738 1130 illustris
755 1076 929 1145 personarum

212 1153 307 1205 statura
322 1150 427 1220 egregie
450 1152 617 1214 extollatur,
640 1149 695 1202 illic
714 1167 762 1218 pet
784 1151 930 1204 herentem

213 1225 424 1292 monosyllabum
442 1225 466 1274 in
478 1224 540 1283 3hic
557 1239 606 1291 pet
626 1222 743 1292 geminas
759 1223 870 1292 syllabas
886 1225 932 1274 ard

215 1298 242 1348 δι
250 1297 301 1357 alt,
311 1297 442 1348 tardantes
452 1295 590 1346 vicinitate
600 1295 860 1362 pronuntiationem
871 1309 930 1348 tum

214 1368 309 1420 deinde
320 1382 429 1435 propter
445 1366 638 1420 hemistichium
657 1367 821 1436 consequens
833 1367 932 1437 absque

215 1441 312 1494 caesura
337 1439 469 1503 finitum,
494 1441 568 1509 quod
588 1440 686 1492 herere
709 1440 738 1491 in
761 1441 932 1508 sequentibus

215 1513 360 1566 dislionem
380 1515 515 1580 abruptam
533 1512 605 1565 satit.
624 1513 684 1566 Jam
703 1513 770 1565 verb
789 1508 933 1566 Maronem

217 1598 271 1637 tam
293 1584 403 1648 multis,
421 1585 598 1653 minutiorque
622 1584 698 1637 caesis
726 1585 851 1637 membris
870 1585 936 1638 sen-¹

217 1655 936 1726 tentiampetiodumquenonimplere‚cuivisutrum·‘

218 1747 270 1798 que
285 1730 386 1800 legenti
402 1729 487 1782 statim
504 1729 554 1782 else
574 1730 684 1781 obvium
701 1729 800 1796 poterit
818 1749 828 1789 3
848 1745 935 1798 quan·

218 1819 298 1871 quam
314 1802 343 1853 in
360 1801 404 1853 sua
415 1801 570 1868 Proserpina
589 1801 747 1852 Claudianus
765 1802 794 1853 in
807 1803 934 1857 membris

218 1875 394 1945 producendis
416 1873 585 1925 ambitiosior
604 1873 701 1938 suerit,
718 1874 854 1944 magisque
871 1893 936 1930 ota·

221 1948 306 2004 tionis
324 1949 397 1998 cultu
412 1945 503 1998 niteat.
935 1949 940 1963 ’

257 2021 356 2070 lterum
367 2017 524 2070 Claudianus
536 2017 657 2072 dissoluta
671 2020 729 2073 sine
738 2017 937 2084 coniuntiioni·

220 2093 270 2144 bus
281 2091 397 2144 membra
410 2089 504 2158 saepius
513 2091 543 2142 in
554 2107 639 2143 unam
648 2095 788 2160 periodum
796 2097 917 2163 congerit
927 2096 940 2161 ,¹

222 2180 252 2215 ac
273 2162 367 2214 deinde
390 2163 500 2215 minutis
526 2165 710 2233 particularum
730 2161 939 2235 repetitionibus

223 2237 318 2303 gaudet
328 2237 374 2304 (ut
382 2236 435 2290 boc
444 2236 473 2288 in
487 2241 613 2306 exemplo
624 2255 640 2291 a
652 2240 757 2292 versus
772 2241 851 2303 ad7‚
869 2235 942 2293 item'

223 2308 941 2378 in11&12‚tum14&15,videreest.)deni··

223 2396 276 2447 que
284 2379 482 2435 rotundioribus
491 2383 545 2436 fere
553 2382 670 2451 periodis
678 2402 686 2442 ;
696 2385 775 2454 idque¹
781 2387 941 2457 plerumque

223 2451 279 2520 agit
297 2451 327 2504 in
349 2451 402 2506 line
427 2456 593 2518 hexametri,
613 2454 742 2510 inclinato
765 2458 797 2508 ad
820 2456 939 2526 quietem

225 2541 337 2578 numero
349 2545 356 2579 t
374 2526 411 2580 ita
424 2543 454 2580 ut
464 2529 564 2596 *saepius
578 2544 637 2580 vox
653 2529 859 2596 antepenultima
876 2547 940 2582 mo·

225 2595 306 2650 lolius
324 2598 376 2663 sit,
392 2601 537 2666 penultima
552 2601 689 2669 dadiylus,
705 2600 839 2652 &ultima
855 2603 941 2670 spon,⁴

226 2671 314 2734 deus,
332 2686 362 2722 ut
378 2671 448 2723 vers.
468 2687 499 2721 11
521 2673 547 2722 δι
564 2687 593 2734 ις
608 2689 616 2728 ;
630 2674 676 2722 vel
692 2671 773 2722 etiam
796 2673 938 2740 spondaeus

227 2754 271 2792 ant
286 2741 440 2810 anapestus,
454 2741 633 2792 antibacchius
649 2742 807 2793 &bacchius
823 2739 857 2792 se'·
867 2741 938 2798 in'vi.

227 2829 286 2867 cem
306 2814 513 2882 cousequantur,
533 2825 563 2864 ut
577 2811 646 2867 vers.
661 2825 693 2878 19
706 2813 732 2866 δι
745 2814 788 2870 2⁶.
808 2812 942 2870 Nondutu'
1015 2849 1022 2860 ι
