<?xml version="1.0" encoding="UTF-8"?>
<!DOCTYPE html PUBLIC "-//W3C//DTD XHTML 1.0 Transitional//EN"
    "http://www.w3.org/TR/xhtml1/DTD/xhtml1-transitional.dtd">
<html xmlns="http://www.w3.org/1999/xhtml" xml:lang="en" lang="en">
 <head>
  <title>
</title>
<meta http-equiv="Content-Type" content="text/html;charset=utf-8" />
  <meta name='ocr-system' content='tesseract 3.04.00' />
  <meta name='ocr-capabilities' content='ocr_page ocr_carea ocr_par ocr_line ocrx_word'/>
</head>
<body>
  <div class='ocr_page' id='page_1' title='image "./sarcotisetcarol00masegoog_0094.png"; bbox 0 0 2086 3652; ppageno 0'>
   <div class='ocr_carea' id='block_1_1' title="bbox 188 183 704 282">
    <p class='ocr_par' dir='ltr' id='par_1_1' title="bbox 188 183 704 282">
     <span class='ocr_line' id='line_1_1' title="bbox 188 183 704 282; baseline 0.002 -1"><span class='ocrx_word' id='word_1_1' title='bbox 188 224 231 281; x_wconf 83' lang='lat'>12</span> <span class='ocrx_word' id='word_1_2' title='bbox 369 183 704 282; x_wconf 35' lang='lat' dir='ltr'>Hane-roe</span> 
     </span>
    </p>
   </div>
   <div class='ocr_carea' id='block_1_2' title="bbox 182 329 899 1220">
    <p class='ocr_par' dir='ltr' id='par_1_2' title="bbox 182 329 899 1206">
     <span class='ocr_line' id='line_1_2' title="bbox 182 329 899 420; baseline 0.008 -37"><span class='ocrx_word' id='word_1_3' title='bbox 182 331 347 402; x_wconf 82' lang='lat' dir='ltr'>purgandum</span> <span class='ocrx_word' id='word_1_4' title='bbox 369 329 510 396; x_wconf 73' lang='lat' dir='ltr'>affedlum,</span> <span class='ocrx_word' id='word_1_5' title='bbox 535 333 690 402; x_wconf 89' lang='lat' dir='ltr'>animosque</span> <span class='ocrx_word' id='word_1_6' title='bbox 713 335 745 386; x_wconf 86' lang='lat' dir='ltr'>ad</span> <span class='ocrx_word' id='word_1_7' title='bbox 768 332 899 420; x_wconf 79' lang='lat' dir='ltr'>virtutem</span> 
     </span>
     <span class='ocr_line' id='line_1_3' title="bbox 183 371 897 489; baseline 0.006 -32"><span class='ocrx_word' id='word_1_8' title='bbox 183 405 360 489; x_wconf 86' lang='lat' dir='ltr'><strong>impellendos</strong></span> <span class='ocrx_word' id='word_1_9' title='bbox 393 371 575 458; x_wconf 79' lang='lat' dir='ltr'>emoluniento</span> <span class='ocrx_word' id='word_1_10' title='bbox 611 407 805 476; x_wconf 76' lang='lat' dir='ltr'>proponitut3</span> <span class='ocrx_word' id='word_1_11' title='bbox 836 408 897 477; x_wconf 84' lang='lat' dir='ltr'>quis</span> 
     </span>
     <span class='ocr_line' id='line_1_4' title="bbox 183 477 899 547; baseline 0.006 -17"><span class='ocrx_word' id='word_1_12' title='bbox 183 478 257 530; x_wconf 88' lang='lat' dir='ltr'>enim</span> <span class='ocrx_word' id='word_1_13' title='bbox 272 477 455 530; x_wconf 85' lang='lat' dir='ltr'>fortitudinem</span> <span class='ocrx_word' id='word_1_14' title='bbox 473 494 527 530; x_wconf 90' lang='lat' dir='ltr'>tam</span> <span class='ocrx_word' id='word_1_15' title='bbox 542 479 615 532; x_wconf 85' lang='lat' dir='ltr'>foedo</span> <span class='ocrx_word' id='word_1_16' title='bbox 627 479 768 547; x_wconf 87' lang='lat' dir='ltr'>parricidio</span> <span class='ocrx_word' id='word_1_17' title='bbox 783 481 899 534; x_wconf 79' lang='lat' dir='ltr'>funesta·</span> 
     </span>
     <span class='ocr_line' id='line_1_5' title="bbox 183 552 898 622; baseline 0.003 -18"><span class='ocrx_word' id='word_1_18' title='bbox 183 565 254 616; x_wconf 90' lang='lat' dir='ltr'>tam,</span> <span class='ocrx_word' id='word_1_19' title='bbox 271 565 315 604; x_wconf 92' lang='lat' dir='ltr'>aut</span> <span class='ocrx_word' id='word_1_20' title='bbox 333 552 493 615; x_wconf 84' lang='lat' dir='ltr'>admiretur,</span> <span class='ocrx_word' id='word_1_21' title='bbox 512 568 557 604; x_wconf 86' lang='lat' dir='ltr'>aut</span> <span class='ocrx_word' id='word_1_22' title='bbox 573 569 633 604; x_wconf 90' lang='lat' dir='ltr'>cum</span> <span class='ocrx_word' id='word_1_23' title='bbox 651 555 789 622; x_wconf 88' lang='lat' dir='ltr'>voluptate</span> <span class='ocrx_word' id='word_1_24' title='bbox 810 554 898 622; x_wconf 89' lang='lat' dir='ltr'>perci-</span> 
     </span>
     <span class='ocr_line' id='line_1_6' title="bbox 183 625 898 694; baseline 0.004 -18"><span class='ocrx_word' id='word_1_25' title='bbox 183 625 265 694; x_wconf 82' lang='lat' dir='ltr'>piat?</span> <span class='ocrx_word' id='word_1_26' title='bbox 290 643 346 693; x_wconf 81' lang='lat' dir='ltr'>quae</span> <span class='ocrx_word' id='word_1_27' title='bbox 366 628 418 678; x_wconf 93' lang='lat' dir='ltr'>duo</span> <span class='ocrx_word' id='word_1_28' title='bbox 438 627 470 676; x_wconf 88' lang='lat' dir='ltr'>ad</span> <span class='ocrx_word' id='word_1_29' title='bbox 491 625 619 688; x_wconf 91' lang='lat' dir='ltr'>virtutis,</span> <span class='ocrx_word' id='word_1_30' title='bbox 639 642 686 692; x_wconf 90' lang='lat' dir='ltr'>pet</span> <span class='ocrx_word' id='word_1_31' title='bbox 706 627 802 694; x_wconf 77' lang='lat' dir='ltr'>poesin</span> <span class='ocrx_word' id='word_1_32' title='bbox 818 627 898 680; x_wconf 87' lang='lat' dir='ltr'>nobis</span> 
     </span>
     <span class='ocr_line' id='line_1_7' title="bbox 184 697 897 768; baseline 0.003 -18"><span class='ocrx_word' id='word_1_33' title='bbox 184 697 373 762; x_wconf 75' lang='lat' dir='ltr'>conciliandae,</span> <span class='ocrx_word' id='word_1_34' title='bbox 395 714 513 750; x_wconf 87' lang='lat' dir='ltr'>amorem</span> <span class='ocrx_word' id='word_1_35' title='bbox 534 697 549 749; x_wconf 83' lang='lat' dir='ltr'>al</span> <span class='ocrx_word' id='word_1_36' title='bbox 573 699 736 766; x_wconf 86' lang='lat' dir='ltr'>Philosopho</span> <span class='ocrx_word' id='word_1_37' title='bbox 756 699 897 768; x_wconf 87' lang='lat' dir='ltr'>requirun-</span> 
     </span>
     <span class='ocr_line' id='line_1_8' title="bbox 184 771 897 840; baseline 0.003 -18"><span class='ocrx_word' id='word_1_38' title='bbox 184 785 236 822; x_wconf 90' lang='lat' dir='ltr'>tur.</span> <span class='ocrx_word' id='word_1_39' title='bbox 259 771 322 822; x_wconf 89' lang='lat' dir='ltr'>Fine</span> <span class='ocrx_word' id='word_1_40' title='bbox 343 771 425 840; x_wconf 84' lang='lat' dir='ltr'>igitur</span> <span class='ocrx_word' id='word_1_41' title='bbox 445 773 496 822; x_wconf 90' lang='lat' dir='ltr'>tale</span> <span class='ocrx_word' id='word_1_42' title='bbox 520 788 616 838; x_wconf 88' lang='lat' dir='ltr'>poema</span> <span class='ocrx_word' id='word_1_43' title='bbox 639 772 758 835; x_wconf 84' lang='lat' dir='ltr'>excidit,</span> <span class='ocrx_word' id='word_1_44' title='bbox 782 772 897 840; x_wconf 87' lang='lat' dir='ltr'>ideoque</span> 
     </span>
     <span class='ocr_line' id='line_1_9' title="bbox 183 843 895 908; baseline 0.003 -12"><span class='ocrx_word' id='word_1_45' title='bbox 183 843 337 896; x_wconf 81' lang='lat' dir='ltr'>illaudatum</span> <span class='ocrx_word' id='word_1_46' title='bbox 359 844 404 896; x_wconf 86' lang='lat' dir='ltr'>est.</span> <span class='ocrx_word' id='word_1_47' title='bbox 431 845 470 895; x_wconf 84' lang='lat' dir='ltr'>Ita</span> <span class='ocrx_word' id='word_1_48' title='bbox 489 845 587 896; x_wconf 83' lang='lat' dir='ltr'>Statius</span> <span class='ocrx_word' id='word_1_49' title='bbox 613 860 665 896; x_wconf 89' lang='lat' dir='ltr'>tam</span> <span class='ocrx_word' id='word_1_50' title='bbox 688 845 716 896; x_wconf 90' lang='lat' dir='ltr'>in</span> <span class='ocrx_word' id='word_1_51' title='bbox 743 845 895 908; x_wconf 85' lang='lat' dir='ltr'>Thebaide,</span> 
     </span>
     <span class='ocr_line' id='line_1_10' title="bbox 185 915 897 986; baseline 0.001 -18"><span class='ocrx_word' id='word_1_52' title='bbox 185 915 265 986; x_wconf 81' lang='lat' dir='ltr'>quaint</span> <span class='ocrx_word' id='word_1_53' title='bbox 279 917 439 980; x_wconf 80' lang='lat' dir='ltr'>Achilleide,</span> <span class='ocrx_word' id='word_1_54' title='bbox 457 920 528 986; x_wconf 91' lang='lat' dir='ltr'>quod</span> <span class='ocrx_word' id='word_1_55' title='bbox 542 919 574 969; x_wconf 82' lang='lat' dir='ltr'>ad</span> <span class='ocrx_word' id='word_1_56' title='bbox 588 917 807 969; x_wconf 72' lang='lat' dir='ltr'>construilionem</span> <span class='ocrx_word' id='word_1_57' title='bbox 823 919 897 986; x_wconf 87' lang='lat' dir='ltr'>Epo·</span> 
     </span>
     <span class='ocr_line' id='line_1_11' title="bbox 184 988 898 1060; baseline 0 -18"><span class='ocrx_word' id='word_1_58' title='bbox 184 990 265 1060; x_wconf 82' lang='lat' dir='ltr'>poeiae</span> <span class='ocrx_word' id='word_1_59' title='bbox 283 991 395 1055; x_wconf 89' lang='lat' dir='ltr'>attinet,</span> <span class='ocrx_word' id='word_1_60' title='bbox 417 1007 431 1042; x_wconf 90' lang='lat' dir='ltr'>a</span> <span class='ocrx_word' id='word_1_61' title='bbox 454 992 524 1042; x_wconf 90' lang='lat' dir='ltr'>linea</span> <span class='ocrx_word' id='word_1_62' title='bbox 545 991 683 1043; x_wconf 89' lang='lat' dir='ltr'>aberravit.</span> <span class='ocrx_word' id='word_1_63' title='bbox 705 988 786 1056; x_wconf 81' lang='lat' dir='ltr'>Qudd</span> <span class='ocrx_word' id='word_1_64' title='bbox 806 990 829 1042; x_wconf 92' lang='lat' dir='ltr'>si</span> <span class='ocrx_word' id='word_1_65' title='bbox 849 1007 898 1058; x_wconf 86' lang='lat' dir='ltr'>pet</span> 
     </span>
     <span class='ocr_line' id='line_1_12' title="bbox 184 1062 898 1127; baseline 0.003 -13"><span class='ocrx_word' id='word_1_66' title='bbox 184 1080 303 1116; x_wconf 89' lang='lat' dir='ltr'>errorem</span> <span class='ocrx_word' id='word_1_67' title='bbox 323 1066 387 1116; x_wconf 83' lang='lat' dir='ltr'>alter</span> <span class='ocrx_word' id='word_1_68' title='bbox 407 1064 485 1116; x_wconf 86' lang='lat' dir='ltr'>frater</span> <span class='ocrx_word' id='word_1_69' title='bbox 510 1065 620 1115; x_wconf 88' lang='lat' dir='ltr'>alterum</span> <span class='ocrx_word' id='word_1_70' title='bbox 641 1062 795 1126; x_wconf 80' lang='lat' dir='ltr'>sustuliliet,</span> <span class='ocrx_word' id='word_1_71' title='bbox 817 1063 898 1127; x_wconf 77' lang='lat' dir='ltr'>fatti,</span> 
     </span>
     <span class='ocr_line' id='line_1_13' title="bbox 185 1135 898 1220; baseline 0 -32"><span class='ocrx_word' id='word_1_72' title='bbox 185 1135 244 1206; x_wconf 89' lang='lat' dir='ltr'>post</span> <span class='ocrx_word' id='word_1_73' title='bbox 259 1136 422 1205; x_wconf 86' lang='lat' dir='ltr'>agnitionem</span> <span class='ocrx_word' id='word_1_74' title='bbox 437 1137 561 1189; x_wconf 82' lang='lat' dir='ltr'>facinoris</span> <span class='ocrx_word' id='word_1_75' title='bbox 571 1137 739 1203; x_wconf 87' lang='lat' dir='ltr'>,poenitens,</span> <span class='ocrx_word' id='word_1_76' title='bbox 753 1137 779 1188; x_wconf 88' lang='lat'>&amp;</span> <span class='ocrx_word' id='word_1_77' title='bbox 791 1137 898 1220; x_wconf 80' lang='lat' dir='ltr'>Tragoe-</span> 
     </span>
    </p>
   </div>
   <div class='ocr_carea' id='block_1_3' title="bbox 186 1209 975 1278">
    <p class='ocr_par' dir='ltr' id='par_1_3' title="bbox 186 1209 975 1278">
     <span class='ocr_line' id='line_1_14' title="bbox 186 1209 975 1278; baseline 0.001 -17"><span class='ocrx_word' id='word_1_78' title='bbox 186 1209 235 1267; x_wconf 82' lang='lat' dir='ltr'>diae</span> <span class='ocrx_word' id='word_1_79' title='bbox 250 1210 572 1276; x_wconf 81' lang='lat' dir='ltr'>&amp;Epopoeiaeaptarites</span> <span class='ocrx_word' id='word_1_80' title='bbox 585 1223 711 1275; x_wconf 82' lang='lat' dir='ltr'>poterat,</span> <span class='ocrx_word' id='word_1_81' title='bbox 724 1227 811 1278; x_wconf 89' lang='lat' dir='ltr'>neque</span> <span class='ocrx_word' id='word_1_82' title='bbox 826 1210 898 1262; x_wconf 88' lang='lat' dir='ltr'>enim</span> <span class='ocrx_word' id='word_1_83' title='bbox 973 1249 975 1252; x_wconf 88' lang='lat'>-</span> 
     </span>
    </p>
   </div>
   <div class='ocr_carea' id='block_1_4' title="bbox 185 1280 899 1349">
    <p class='ocr_par' dir='ltr' id='par_1_4' title="bbox 185 1280 899 1349">
     <span class='ocr_line' id='line_1_15' title="bbox 185 1280 899 1349; baseline -0.001 -16"><span class='ocrx_word' id='word_1_84' title='bbox 185 1281 292 1333; x_wconf 90' lang='lat' dir='ltr'>heroica</span> <span class='ocrx_word' id='word_1_85' title='bbox 310 1280 457 1344; x_wconf 87' lang='lat' dir='ltr'>fortitudo,</span> <span class='ocrx_word' id='word_1_86' title='bbox 478 1299 526 1349; x_wconf 80' lang='lat' dir='ltr'>per</span> <span class='ocrx_word' id='word_1_87' title='bbox 547 1281 647 1332; x_wconf 85' lang='lat' dir='ltr'>facinus</span> <span class='ocrx_word' id='word_1_88' title='bbox 667 1296 817 1332; x_wconf 87' lang='lat' dir='ltr'>extremum</span> <span class='ocrx_word' id='word_1_89' title='bbox 837 1298 899 1333; x_wconf 90' lang='lat' dir='ltr'>cor·</span> 
     </span>
    </p>
   </div>
   <div class='ocr_carea' id='block_1_5' title="bbox 96 1351 899 1421">
    <p class='ocr_par' dir='ltr' id='par_1_5' title="bbox 96 1351 899 1421">
     <span class='ocr_line' id='line_1_16' title="bbox 96 1351 899 1421; baseline 0.005 -21"><span class='ocrx_word' id='word_1_90' title='bbox 96 1387 101 1400; x_wconf 80' lang='grc'><em>,</em></span> <span class='ocrx_word' id='word_1_91' title='bbox 180 1367 262 1421; x_wconf 77' lang='lat' dir='ltr'>rupta</span> <span class='ocrx_word' id='word_1_92' title='bbox 277 1351 380 1415; x_wconf 76' lang='lat' dir='ltr'>fuiliet,</span> <span class='ocrx_word' id='word_1_93' title='bbox 397 1367 491 1420; x_wconf 86' lang='lat' dir='ltr'>utpote</span> <span class='ocrx_word' id='word_1_94' title='bbox 510 1355 581 1420; x_wconf 89' lang='lat' dir='ltr'>quod</span> <span class='ocrx_word' id='word_1_95' title='bbox 595 1352 675 1402; x_wconf 89' lang='lat' dir='ltr'>venia</span> <span class='ocrx_word' id='word_1_96' title='bbox 690 1353 798 1421; x_wconf 85' lang='lat' dir='ltr'>dignum</span> <span class='ocrx_word' id='word_1_97' title='bbox 816 1369 872 1405; x_wconf 88' lang='lat' dir='ltr'>erat</span> <span class='ocrx_word' id='word_1_98' title='bbox 889 1372 899 1414; x_wconf 63' lang='grc' dir='ltr'><strong>ς</strong></span> 
     </span>
    </p>
   </div>
   <div class='ocr_carea' id='block_1_6' title="bbox 185 1425 899 1932">
    <p class='ocr_par' dir='ltr' id='par_1_6' title="bbox 185 1425 899 1932">
     <span class='ocr_line' id='line_1_17' title="bbox 185 1425 898 1496; baseline 0.001 -18"><span class='ocrx_word' id='word_1_99' title='bbox 185 1440 273 1496; x_wconf 85' lang='lat' dir='ltr'>neque</span> <span class='ocrx_word' id='word_1_100' title='bbox 289 1425 469 1477; x_wconf 90' lang='lat' dir='ltr'>admirationis</span> <span class='ocrx_word' id='word_1_101' title='bbox 485 1425 682 1493; x_wconf 85' lang='lat' dir='ltr'>voluptatisque</span> <span class='ocrx_word' id='word_1_102' title='bbox 698 1425 786 1476; x_wconf 90' lang='lat' dir='ltr'>omnis</span> <span class='ocrx_word' id='word_1_103' title='bbox 802 1443 898 1494; x_wconf 84' lang='lat' dir='ltr'>expers</span> 
     </span>
     <span class='ocr_line' id='line_1_18' title="bbox 187 1497 898 1566; baseline 0.006 -16"><span class='ocrx_word' id='word_1_104' title='bbox 187 1497 330 1561; x_wconf 83' lang='lat' dir='ltr'>extitiffet,</span> <span class='ocrx_word' id='word_1_105' title='bbox 342 1515 399 1566; x_wconf 80' lang='lat' dir='ltr'>quae</span> <span class='ocrx_word' id='word_1_106' title='bbox 413 1513 482 1549; x_wconf 88' lang='lat' dir='ltr'>nunc</span> <span class='ocrx_word' id='word_1_107' title='bbox 494 1498 678 1561; x_wconf 85' lang='lat' dir='ltr'>aversionem,</span> <span class='ocrx_word' id='word_1_108' title='bbox 689 1497 898 1554; x_wconf 79' lang='lat' dir='ltr'>detestationem·</span> 
     </span>
     <span class='ocr_line' id='line_1_19' title="bbox 187 1570 899 1639; baseline 0.004 -17"><span class='ocrx_word' id='word_1_109' title='bbox 187 1588 239 1638; x_wconf 90' lang='lat' dir='ltr'>que</span> <span class='ocrx_word' id='word_1_110' title='bbox 255 1570 366 1622; x_wconf 82' lang='lat' dir='ltr'>exerciti</span> <span class='ocrx_word' id='word_1_111' title='bbox 384 1571 519 1639; x_wconf 87' lang='lat' dir='ltr'>utrimque</span> <span class='ocrx_word' id='word_1_112' title='bbox 536 1572 675 1623; x_wconf 89' lang='lat' dir='ltr'>crudeliter</span> <span class='ocrx_word' id='word_1_113' title='bbox 692 1570 748 1622; x_wconf 91' lang='lat' dir='ltr'>odi-i</span> <span class='ocrx_word' id='word_1_114' title='bbox 765 1589 899 1638; x_wconf 88' lang='lat' dir='ltr'>promere·</span> 
     </span>
     <span class='ocr_line' id='line_1_20' title="bbox 185 1643 899 1713; baseline 0.001 -19"><span class='ocrx_word' id='word_1_115' title='bbox 185 1658 238 1695; x_wconf 85' lang='lat' dir='ltr'>tur.</span> <span class='ocrx_word' id='word_1_116' title='bbox 257 1643 333 1696; x_wconf 78' lang='lat' dir='ltr'>Unde</span> <span class='ocrx_word' id='word_1_117' title='bbox 348 1645 529 1706; x_wconf 82' lang='lat' dir='ltr'>concluditur,</span> <span class='ocrx_word' id='word_1_118' title='bbox 546 1645 657 1695; x_wconf 64' lang='lat' dir='ltr'>atilionem</span> <span class='ocrx_word' id='word_1_119' title='bbox 673 1645 789 1694; x_wconf 83' lang='lat' dir='ltr'>heroicam</span> <span class='ocrx_word' id='word_1_120' title='bbox 806 1645 899 1713; x_wconf 80' lang='lat' dir='ltr'>infelici</span> 
     </span>
     <span class='ocr_line' id='line_1_21' title="bbox 188 1715 899 1786; baseline 0.001 -19"><span class='ocrx_word' id='word_1_121' title='bbox 188 1717 255 1767; x_wconf 68' lang='lat' dir='ltr'>exitu</span> <span class='ocrx_word' id='word_1_122' title='bbox 276 1723 325 1768; x_wconf 83' lang='lat' dir='ltr'>sine</span> <span class='ocrx_word' id='word_1_123' title='bbox 342 1715 432 1784; x_wconf 71' lang='lat' dir='ltr'>scelere</span> <span class='ocrx_word' id='word_1_124' title='bbox 450 1719 615 1778; x_wconf 79' lang='lat' dir='ltr'>terminatam,</span> <span class='ocrx_word' id='word_1_125' title='bbox 633 1719 752 1786; x_wconf 78' lang='lat' dir='ltr'>Epopoeiae</span> <span class='ocrx_word' id='word_1_126' title='bbox 769 1719 834 1786; x_wconf 73' lang='lat' dir='ltr'>poffe</span> <span class='ocrx_word' id='word_1_127' title='bbox 856 1717 899 1785; x_wconf 81' lang='lat' dir='ltr'>effe</span> 
     </span>
     <span class='ocr_line' id='line_1_22' title="bbox 186 1789 899 1874; baseline 0.003 -34"><span class='ocrx_word' id='word_1_128' title='bbox 186 1805 368 1874; x_wconf 81' lang='lat' dir='ltr'>argumentum:</span> <span class='ocrx_word' id='word_1_129' title='bbox 388 1808 441 1859; x_wconf 89' lang='lat' dir='ltr'>quo</span> <span class='ocrx_word' id='word_1_130' title='bbox 457 1789 536 1841; x_wconf 88' lang='lat' dir='ltr'>titulo</span> <span class='ocrx_word' id='word_1_131' title='bbox 557 1791 652 1842; x_wconf 88' lang='lat' dir='ltr'>heroes</span> <span class='ocrx_word' id='word_1_132' title='bbox 670 1790 779 1858; x_wconf 91' lang='lat' dir='ltr'>plurimi</span> <span class='ocrx_word' id='word_1_133' title='bbox 798 1806 899 1860; x_wconf 86' lang='lat' dir='ltr'>marty-</span> 
     </span>
     <span class='ocr_line' id='line_1_23' title="bbox 186 1861 899 1932; baseline 0 -16"><span class='ocrx_word' id='word_1_134' title='bbox 186 1863 256 1916; x_wconf 86' lang='lat' dir='ltr'>rium</span> <span class='ocrx_word' id='word_1_135' title='bbox 274 1864 393 1932; x_wconf 83' lang='lat' dir='ltr'>perpessi</span> <span class='ocrx_word' id='word_1_136' title='bbox 408 1861 513 1931; x_wconf 81' lang='lat' dir='ltr'>poliunt</span> <span class='ocrx_word' id='word_1_137' title='bbox 531 1861 581 1914; x_wconf 83' lang='lat' dir='ltr'>effe</span> <span class='ocrx_word' id='word_1_138' title='bbox 596 1863 735 1931; x_wconf 75' lang='lat' dir='ltr'>Epopoeiae</span> <span class='ocrx_word' id='word_1_139' title='bbox 750 1863 828 1932; x_wconf 84' lang='lat' dir='ltr'>digna</span> <span class='ocrx_word' id='word_1_140' title='bbox 843 1881 899 1916; x_wconf 87' lang='lat' dir='ltr'>ma·</span> 
     </span>
    </p>
   </div>
   <div class='ocr_carea' id='block_1_7' title="bbox 106 1937 347 1998">
    <p class='ocr_par' dir='ltr' id='par_1_7' title="bbox 106 1937 347 1998">
     <span class='ocr_line' id='line_1_24' title="bbox 106 1937 347 1998; baseline 0 -10"><span class='ocrx_word' id='word_1_141' title='bbox 106 1985 110 1998; x_wconf 88' lang='grc'><strong>,</strong></span> <span class='ocrx_word' id='word_1_142' title='bbox 186 1937 277 1989; x_wconf 89' lang='lat' dir='ltr'>teties.</span> <span class='ocrx_word' id='word_1_143' title='bbox 345 1955 347 1962; x_wconf 67' lang='lat'><strong><em>¹</em></strong></span> 
     </span>
    </p>
   </div>
   <div class='ocr_carea' id='block_1_8' title="bbox 143 2007 959 2902">
    <p class='ocr_par' dir='ltr' id='par_1_8' title="bbox 143 2007 959 2880">
     <span class='ocr_line' id='line_1_25' title="bbox 225 2007 959 2077; baseline -0.001 -17"><span class='ocrx_word' id='word_1_144' title='bbox 225 2011 267 2061; x_wconf 73' lang='lat'>2⁹.</span> <span class='ocrx_word' id='word_1_145' title='bbox 286 2010 388 2061; x_wconf 84' lang='lat' dir='ltr'>Statuo.</span> <span class='ocrx_word' id='word_1_146' title='bbox 400 2007 568 2059; x_wconf 77' lang='lat' dir='ltr'>Ac&#39;lioHerois</span> <span class='ocrx_word' id='word_1_147' title='bbox 583 2027 632 2059; x_wconf 87' lang='lat' dir='ltr'>cum</span> <span class='ocrx_word' id='word_1_148' title='bbox 647 2010 774 2093; x_wconf 83' lang='lat' dir='ltr'>culpanon</span> <span class='ocrx_word' id='word_1_149' title='bbox 789 2009 900 2077; x_wconf 78' lang='lat' dir='ltr'>gravissi·</span> <span class='ocrx_word' id='word_1_150' title='bbox 956 2071 959 2076; x_wconf 92' lang='lat'>.</span> 
     </span>
     <span class='ocr_line' id='line_1_26' title="bbox 186 2079 900 2167; baseline 0.003 -35"><span class='ocrx_word' id='word_1_151' title='bbox 186 2082 245 2132; x_wconf 82' lang='lat' dir='ltr'>sima</span> <span class='ocrx_word' id='word_1_152' title='bbox 262 2083 399 2167; x_wconf 70' lang='lat' dir='ltr'>conjunilq,</span> <span class='ocrx_word' id='word_1_153' title='bbox 417 2081 485 2148; x_wconf 82' lang='lat' dir='ltr'>infel&#39;</span> <span class='ocrx_word' id='word_1_154' title='bbox 476 2100 534 2133; x_wconf 82' lang='lat' dir='ltr'>icem</span> <span class='ocrx_word' id='word_1_155' title='bbox 547 2079 688 2148; x_wconf 76' lang='lat' dir='ltr'>sortita,</span> <span class='ocrx_word' id='word_1_156' title='bbox 668 2102 718 2134; x_wconf 82' lang='lat' dir='ltr'>stne</span> <span class='ocrx_word' id='word_1_157' title='bbox 729 2081 818 2150; x_wconf 75' lang='lat' dir='ltr'>scelere</span> <span class='ocrx_word' id='word_1_158' title='bbox 837 2102 900 2136; x_wconf 79' lang='lat' dir='ltr'>novo</span> 
     </span>
     <span class='ocr_line' id='line_1_27' title="bbox 183 2154 900 2225; baseline 0.007 -22"><span class='ocrx_word' id='word_1_159' title='bbox 183 2154 318 2224; x_wconf 67' lang='lat' dir='ltr'>patientes,</span> <span class='ocrx_word' id='word_1_160' title='bbox 339 2157 444 2214; x_wconf 81' lang='lat' dir='ltr'>exitum,</span> <span class='ocrx_word' id='word_1_161' title='bbox 467 2157 492 2205; x_wconf 84' lang='lat' dir='ltr'>in</span> <span class='ocrx_word' id='word_1_162' title='bbox 510 2155 624 2224; x_wconf 82' lang='lat' dir='ltr'>Epopoeia</span> <span class='ocrx_word' id='word_1_163' title='bbox 647 2175 696 2206; x_wconf 82' lang='lat' dir='ltr'>nott</span> <span class='ocrx_word' id='word_1_164' title='bbox 713 2158 812 2216; x_wconf 81' lang='lat' dir='ltr'>minis,</span> <span class='ocrx_word' id='word_1_165' title='bbox 833 2159 900 2225; x_wconf 77' lang='lat' dir='ltr'>quim</span> 
     </span>
     <span class='ocr_line' id='line_1_28' title="bbox 143 2229 899 2298; baseline 0.004 -19"><span class='ocrx_word' id='word_1_166' title='bbox 143 2291 144 2294; x_wconf 7' lang='grc' dir='ltr'><strong>Ἰ</strong></span> <span class='ocrx_word' id='word_1_167' title='bbox 187 2229 311 2296; x_wconf 80' lang='lat' dir='ltr'>Tregoede&#39;a</span> <span class='ocrx_word' id='word_1_168' title='bbox 331 2229 407 2279; x_wconf 83' lang='lat' dir='ltr'>Iocum</span> <span class='ocrx_word' id='word_1_169' title='bbox 426 2245 535 2280; x_wconf 78' lang='lat' dir='ltr'>meretur.</span> <span class='ocrx_word' id='word_1_170' title='bbox 556 2229 599 2280; x_wconf 88' lang='lat' dir='ltr'>De</span> <span class='ocrx_word' id='word_1_171' title='bbox 622 2229 761 2298; x_wconf 77' lang='lat' dir='ltr'>Tragoedia</span> <span class='ocrx_word' id='word_1_172' title='bbox 779 2245 820 2281; x_wconf 90' lang='lat' dir='ltr'>tot</span> <span class='ocrx_word' id='word_1_173' title='bbox 839 2246 899 2282; x_wconf 86' lang='lat' dir='ltr'>cum</span> 
     </span>
     <span class='ocr_line' id='line_1_29' title="bbox 185 2299 899 2371; baseline 0.003 -19"><span class='ocrx_word' id='word_1_174' title='bbox 185 2299 327 2352; x_wconf 82' lang='lat' dir='ltr'>Aristotele</span> <span class='ocrx_word' id='word_1_175' title='bbox 340 2305 461 2368; x_wconf 80' lang='lat' dir='ltr'>exempla</span> <span class='ocrx_word' id='word_1_176' title='bbox 474 2303 739 2368; x_wconf 87' lang='lat' dir='ltr'>probantVetetum,</span> <span class='ocrx_word' id='word_1_177' title='bbox 753 2318 819 2371; x_wconf 90' lang='lat' dir='ltr'>quot</span> <span class='ocrx_word' id='word_1_178' title='bbox 831 2301 899 2370; x_wconf 72' lang='lat' dir='ltr'>pene</span> 
     </span>
     <span class='ocr_line' id='line_1_30' title="bbox 186 2373 900 2444; baseline 0.006 -20"><span class='ocrx_word' id='word_1_179' title='bbox 186 2373 334 2443; x_wconf 85' lang='lat' dir='ltr'>Tragoediae</span> <span class='ocrx_word' id='word_1_180' title='bbox 351 2393 367 2433; x_wconf 91' lang='grc'>·,·</span> <span class='ocrx_word' id='word_1_181' title='bbox 381 2391 529 2443; x_wconf 86' lang='lat' dir='ltr'>quanquam</span> <span class='ocrx_word' id='word_1_182' title='bbox 553 2373 655 2426; x_wconf 80' lang='lat' dir='ltr'>summ&#39;e</span> <span class='ocrx_word' id='word_1_183' title='bbox 682 2375 845 2444; x_wconf 87' lang='lat' dir='ltr'>improbos,</span> <span class='ocrx_word' id='word_1_184' title='bbox 870 2389 900 2428; x_wconf 88' lang='lat' dir='ltr'>ut</span> 
     </span>
     <span class='ocr_line' id='line_1_31' title="bbox 186 2446 900 2516; baseline 0.003 -18"><span class='ocrx_word' id='word_1_185' title='bbox 186 2446 613 2512; x_wconf 75' lang='lat' dir='ltr'>dietum,n0biscumexc1udat.</span> <span class='ocrx_word' id='word_1_186' title='bbox 636 2449 729 2516; x_wconf 87' lang='lat' dir='ltr'>Neque</span> <span class='ocrx_word' id='word_1_187' title='bbox 752 2451 803 2500; x_wconf 88' lang='lat' dir='ltr'>erit</span> <span class='ocrx_word' id='word_1_188' title='bbox 825 2449 900 2502; x_wconf 83' lang='lat' dir='ltr'>causa</span> 
     </span>
     <span class='ocr_line' id='line_1_32' title="bbox 186 2520 901 2589; baseline 0.003 -17"><span class='ocrx_word' id='word_1_189' title='bbox 186 2537 233 2572; x_wconf 89' lang='lat' dir='ltr'>cut</span> <span class='ocrx_word' id='word_1_190' title='bbox 253 2522 284 2574; x_wconf 84' lang='lat' dir='ltr'>ab</span> <span class='ocrx_word' id='word_1_191' title='bbox 308 2520 438 2589; x_wconf 83' lang='lat' dir='ltr'>Epopoeia</span> <span class='ocrx_word' id='word_1_192' title='bbox 458 2521 552 2573; x_wconf 87' lang='lat' dir='ltr'>similis</span> <span class='ocrx_word' id='word_1_193' title='bbox 574 2521 643 2574; x_wconf 71' lang='lat' dir='ltr'>astio</span> <span class='ocrx_word' id='word_1_194' title='bbox 662 2521 794 2585; x_wconf 85' lang='lat' dir='ltr'>rejiciatur</span> <span class='ocrx_word' id='word_1_195' title='bbox 812 2539 819 2579; x_wconf 85' lang='lat'>;</span> <span class='ocrx_word' id='word_1_196' title='bbox 839 2521 901 2588; x_wconf 86' lang='lat' dir='ltr'>quia</span> 
     </span>
     <span class='ocr_line' id='line_1_33' title="bbox 187 2593 899 2676; baseline -0.008 -28"><span class='ocrx_word' id='word_1_197' title='bbox 187 2593 364 2676; x_wconf 81' lang='lat' dir='ltr'>Philosophus</span> <span class='ocrx_word' id='word_1_198' title='bbox 380 2593 478 2661; x_wconf 87' lang='lat' dir='ltr'>passim</span> <span class='ocrx_word' id='word_1_199' title='bbox 498 2595 604 2660; x_wconf 86' lang='lat' dir='ltr'>Epicam</span> <span class='ocrx_word' id='word_1_200' title='bbox 620 2593 752 2644; x_wconf 69' lang='lat' dir='ltr'>adiionem</span> <span class='ocrx_word' id='word_1_201' title='bbox 769 2609 828 2644; x_wconf 88' lang='lat' dir='ltr'>cum</span> <span class='ocrx_word' id='word_1_202' title='bbox 846 2608 899 2642; x_wconf 89' lang='lat' dir='ltr'>tra·</span> 
     </span>
     <span class='ocr_line' id='line_1_34' title="bbox 187 2664 900 2736; baseline -0.003 -21"><span class='ocrx_word' id='word_1_203' title='bbox 187 2665 246 2736; x_wconf 85' lang='lat' dir='ltr'>gica</span> <span class='ocrx_word' id='word_1_204' title='bbox 262 2667 414 2728; x_wconf 83' lang='lat' dir='ltr'>confundit,</span> <span class='ocrx_word' id='word_1_205' title='bbox 434 2665 484 2717; x_wconf 91' lang='lat'>&amp;</span> <span class='ocrx_word' id='word_1_206' title='bbox 478 2683 506 2716; x_wconf 86' lang='lat' dir='ltr'>tn</span> <span class='ocrx_word' id='word_1_207' title='bbox 521 2681 645 2732; x_wconf 87' lang='lat' dir='ltr'>utraque,</span> <span class='ocrx_word' id='word_1_208' title='bbox 662 2679 691 2715; x_wconf 88' lang='lat' dir='ltr'>ut</span> <span class='ocrx_word' id='word_1_209' title='bbox 706 2664 778 2730; x_wconf 76' lang='lat' dir='ltr'>priris</span> <span class='ocrx_word' id='word_1_210' title='bbox 793 2664 900 2727; x_wconf 76' lang='lat' dir='ltr'>visum,</span> 
     </span>
     <span class='ocr_line' id='line_1_35' title="bbox 185 2736 958 2820; baseline -0.008 -32"><span class='ocrx_word' id='word_1_211' title='bbox 185 2737 326 2790; x_wconf 84' lang='lat' dir='ltr'>illustre&amp;</span> <span class='ocrx_word' id='word_1_212' title='bbox 343 2739 397 2791; x_wconf 85' lang='lat' dir='ltr'>vile</span> <span class='ocrx_word' id='word_1_213' title='bbox 417 2737 552 2820; x_wconf 82' lang='lat' dir='ltr'>quippiam</span> <span class='ocrx_word' id='word_1_214' title='bbox 571 2736 705 2804; x_wconf 84' lang='lat' dir='ltr'>agnoscit,</span> <span class='ocrx_word' id='word_1_215' title='bbox 724 2736 791 2786; x_wconf 90' lang='lat' dir='ltr'>nihil</span> <span class='ocrx_word' id='word_1_216' title='bbox 810 2749 900 2790; x_wconf 87' lang='lat' dir='ltr'>autem</span> <span class='ocrx_word' id='word_1_217' title='bbox 956 2775 958 2782; x_wconf 89' lang='grc'><em>,</em></span> 
     </span>
     <span class='ocr_line' id='line_1_36' title="bbox 186 2805 901 2902; baseline -0.001 -38"><span class='ocrx_word' id='word_1_218' title='bbox 186 2809 217 2866; x_wconf 77' lang='lat' dir='ltr'>ia</span> <span class='ocrx_word' id='word_1_219' title='bbox 242 2810 311 2865; x_wconf 85' lang='lat' dir='ltr'>vitis</span> <span class='ocrx_word' id='word_1_220' title='bbox 338 2810 474 2902; x_wconf 83' lang='lat' dir='ltr'>heroicis,</span> <span class='ocrx_word' id='word_1_221' title='bbox 496 2808 549 2862; x_wconf 87' lang='lat' dir='ltr'>nisi</span> <span class='ocrx_word' id='word_1_222' title='bbox 577 2825 625 2880; x_wconf 88' lang='lat' dir='ltr'>per</span> <span class='ocrx_word' id='word_1_223' title='bbox 645 2808 760 2895; x_wconf 80' lang='lat' dir='ltr'>scelera,</span> <span class='ocrx_word' id='word_1_224' title='bbox 783 2805 901 2866; x_wconf 75' lang='lat' dir='ltr'>vilescit.</span> 
     </span>
    </p>
   </div>
   <div class='ocr_carea' id='block_1_9' title="bbox 0 0 1052 3652">
    <p class='ocr_par' dir='ltr' id='par_1_9' title="bbox 0 0 1052 3652">
     <span class='ocr_line' id='line_1_37' title="bbox 0 0 1052 3652; baseline 0 0"><span class='ocrx_word' id='word_1_225' title='bbox 0 0 1052 3652; x_wconf 95' lang='lat' dir='ltr'> </span> 
     </span>
    </p>
   </div>
  </div>
 </body>
</html>
