2086 3652
221 367 265 447 54
408 345 453 417 Η
469 361 495 414 rs
519 363 547 417 rt
572 363 598 416 o
619 361 640 414 r
665 364 687 415 c
710 360 740 414 Α

252 445 286 498 Et
299 442 376 515 post,

214 537 303 592 anus
313 541 366 606 eqni
377 538 443 592 labor
453 538 486 592 ell
497 539 586 592 aninsos
595 547 663 606 atque
672 548 735 590 arms
744 534 827 590 videte

214 627 365 692 Bellintum,
378 627 490 695 lituosque
499 629 565 694 pati,
580 625 696 693 nauoque
707 637 840 693 gementem

214 713 283 768 Ferre
292 726 366 767 rotam
377 716 402 766 δι
414 713 503 767 llabulo
514 715 591 767 frenos
604 713 682 767 andire
691 724 809 781 gementes
821 727 832 770 s
907 727 911 738 ’

214 801 275 854 Tum
288 803 359 870 nangis
371 813 439 871 atque
449 803 520 870 magis
531 801 620 854 blandis
630 801 730 869 gaudete
740 800 838 870 magillti

214 889 345 948 Laudibus.
357 892 382 943 dr
394 891 474 958 pinula
484 889 581 950 sonitum
592 890 690 944 cervicis
701 903 778 942 aurate
788 926 796 954 ,
808 889 860 946 dte.
906 911 910 918 ¹

215 981 248 1031 At
258 979 330 1032 tribus
340 979 438 1042 erudis,
449 979 488 1031 ubi
499 992 578 1046 quarta
589 978 705 1032 accellerit
715 991 785 1040 aetas,

214 1061 318 1134 Carpere
331 1081 387 1120 ntor
397 1082 477 1135 gyrum
487 1067 579 1134 incipiat
589 1105 598 1131 ,
608 1064 757 1134 gradibusque
769 1063 852 1120 sonare

215 1156 378 1224 Compositis,
390 1157 511 1223 sinuetque
521 1153 609 1206 alterna
619 1153 735 1207 volumina
747 1165 859 1216 erutum,

215 1243 295 1310 Sitque
306 1244 416 1296 laboranti
428 1242 507 1295 similis
522 1253 590 1293 stttnn
602 1240 707 1294 cursibus
718 1253 784 1292 auras

215 1329 336 1385 Provotet
347 1346 375 1384 ac
385 1339 515 1398 peraperta
526 1328 623 1392 volans,
632 1327 671 1381 seu
681 1327 740 1381 liber
750 1325 864 1394 babenls;

215 1418 322 1486 AEquora
331 1453 340 1475 ,
350 1419 390 1471 vir
399 1415 483 1470 sumini
495 1415 590 1484 veliigia
599 1427 670 1482 ponat
679 1414 757 1467 arena.

216 1505 301 1574 Qualis
310 1505 462 1575 hyperboreis
473 1504 551 1572 aquilo
562 1517 633 1572 quum
642 1501 722 1557 &usus
732 1501 762 1554 ab
772 1503 821 1556 oris

216 1594 341 1657 Incubuit,
358 1595 408 1648 brt.
478 1620 483 1631 a

253 1689 335 1752 llaec,
350 1702 381 1742 ut
396 1689 422 1742 δι
444 1685 534 1756 priora
550 1684 705 1752 Claudiani,
725 1683 853 1740 mediocri
877 1687 935 1744 rere

217 1762 363 1816 charactere
386 1775 519 1824 exarata,
545 1759 639 1812 clarius
666 1775 722 1818 rent
742 1760 828 1814 oculis
852 1761 936 1828 subji-

217 1836 308 1889 ciunt:
323 1850 354 1888 ut
370 1835 440 1888 vers.
453 1847 485 1895 1,
498 1835 514 1884 8
528 1833 554 1884 δι
566 1845 582 1896 9
592 1832 707 1884 videaris
717 1831 814 1906 intueri
823 1834 936 1887 tolutim

217 1909 383 1960 incedentem
403 1921 519 1974 equum,
538 1919 605 1954 mox
614 1903 683 1957 veto
694 1905 879 1973 sequentibus,
892 1907 935 1959 ef-

216 1981 276 2033 fuso
291 1979 367 2030 cursu
389 1978 549 2030 volitantem
565 1991 574 2035 ·,
593 1977 666 2044 quod
690 1977 848 2031 Claudianus
868 1979 900 2032 ab
916 1979 936 2032 ὃ

217 2051 299 2119 usque
319 2052 351 2102 ad
377 2063 410 2102 12
430 2048 494 2118 egit.
514 2047 565 2100 Sed
587 2050 660 2118 quod
678 2049 748 2102 dicat
766 2051 856 2101 turbari
874 2053 936 2118 pla-

217 2120 280 2174 leras
297 2121 376 2174 nimis
397 2121 433 2174 est
451 2121 602 2183 minutum,
620 2122 756 2192 sequentia
771 2123 833 2176 satis
854 2121 937 2176 aucla-

218 2194 278 2258 cia,
297 2193 337 2247 uti
347 2195 401 2261 &9
416 2195 519 2249 versus.
532 2193 691 2248 Claudianus
709 2195 742 2248 ad
759 2193 936 2250 illustrandam

219 2267 347 2338 phrasin,
360 2269 413 2320 hoc
435 2267 507 2337 agit,
522 2281 552 2318 ut
571 2283 665 2336 tropos
684 2267 797 2322 rariores
818 2268 936 2330 inducat,

125 2367 127 2371 ·
218 2341 297 2394 Unde
312 2343 414 2393 mavult
431 2341 517 2394 dicere
538 2342 626 2409 ungula
639 2339 714 2408 sentis
739 2359 842 2405 arenas,
855 2338 938 2410 quim

220 2414 305 2484 tangit
321 2432 330 2474 ·,
348 2431 427 2466 aarum
443 2415 539 2482 fumat,
558 2411 637 2480 quam
660 2432 703 2464 ora
721 2432 731 2473 ς
750 2413 830 2466 vestis
851 2413 937 2468 solem

219 2487 349 2548 combibit.
368 2486 447 2557 quim
472 2485 578 2556 exeipit,
601 2486 651 2539 διε.
667 2485 781 2547 Fateor,
803 2502 884 2555 quum
904 2487 939 2540 ab

210 2559 342 2614 animatis
352 2563 384 2613 ad
393 2560 510 2614 inanima
521 2559 554 2610 fit
563 2557 695 2610 transsatio
706 2596 715 2621 ,
726 2554 846 2610 illustrari
856 2560 939 2626 plura-

220 2633 264 2685 sin
281 2651 289 2693 ;
306 2633 418 2697 vestim,
437 2649 523 2700 neque
548 2629 577 2682 in
595 2647 650 2684 uno
670 2630 820 2681 ornamenti
840 2646 939 2698 genere

221 2705 337 2758 nimium
354 2704 404 2756 effe
421 2703 549 2756 convenit
566 2718 574 2758 ·‚
593 2716 678 2766 neque
694 2699 938 2768 committendum,

221 2792 252 2828 ut
270 2775 464 2830 inconveniens
479 2772 515 2824 sit
532 2769 683 2827 transsatio,
696 2785 751 2821 non
769 2769 841 2821 enim
853 2787 941 2825 omno

222 2851 295 2916 quod
303 2863 389 2900 rarum
398 2845 434 2898 est
445 2883 452 2906 ,
465 2842 589 2895 illustrat:
606 2841 669 2911 quid
686 2840 757 2893 enirn
769 2845 842 2911 galea
854 2842 939 2899 itale.

222 2937 288 2988 pore
304 2923 314 2974 i
330 2917 426 2971 Malim
435 2916 525 2970 audire
536 2935 616 2968 emunt
622 2914 702 2985 sumt
710 2915 845 2981 anhelitu,
855 2915 939 2987 quana
