2072 3672
4 503 11 552 ÷
85 539 88 546 Δ
172 412 404 514 ttoni
452 362 751 544 outoni

4 560 808 708 ςἈκςυΜΕΝτυΜ.

84 811 346 922 HISTORIA.
366 861 480 922 Invidit
491 879 571 942 atque
587 863 634 922 Ira
651 863 745 921 Genus
764 864 830 922 Hu-

4 973 6 1018 t
81 986 194 1023 'manum
209 969 248 1023 ad
260 967 457 1025 cumulationem
473 968 622 1046 bellumque
631 984 830 1046 provocatum,

84 1063 188 1126 mutuis
199 1066 255 1149 sese
274 1070 399 1128 cladibus
413 1071 540 1148 conficit,
557 1071 584 1130 δ’
602 1070 672 1128 alter
685 1069 768 1128 alteri
783 1071 834 1128 lto·

75 1169 130 1252 ‘llis
152 1177 205 1254 est,
224 1173 367 1254 postquam
386 1177 449 1241 Deo
468 1175 591 1234 rebellare
611 1177 712 1255 capit(

124 1275 231 1338 Porus
241 1297 289 1338 ts,
307 1281 455 1339 Sarcotltea
467 1283 592 1340 Tutatrix
609 1279 741 1340 aduersis
754 1281 830 1362 tosti-

82 1383 250 1461 lesfiliarum
259 1387 474 1464 machinationes
484 1432 494 1458 ‚
508 1387 648 1446 Invidiam
658 1387 724 1466 tristi
733 1387 830 1444 Nouis

84 1490 114 1546 in
136 1506 213 1546 antro
233 1489 417 1560 habitantem,
439 1507 519 1569 atque
542 1495 560 1548 a
584 1492 715 1570 Cupidine
737 1507 830 1548 contra

81 1589 109 1665 se
124 1594 267 1676 incitatam
287 1596 438 1674 aggreditur
446 1639 457 1664 ,
476 1595 605 1672 illamque
615 1597 645 1652 in
658 1595 734 1652 aulis
740 1591 829 1671 juxta

82 1711 166 1773 atque
186 1696 323 1754 bominum
340 1697 422 1776 uulgo
439 1693 617 1774 graffitntem,
623 1693 687 1770 sold
697 1717 828 1753 annorum

84 1799 332 1881 ostentatione‚per
346 1795 522 1878 contemptum
532 1799 619 1878 magis
636 1801 716 1876 qudm
729 1798 760 1857 ui
767 1818 831 1877 pro-

77 1907 185 1986 fligat,
205 1925 239 1962 ex
252 1901 365 1982 fitblirni
382 1920 474 1962 contra
492 1903 570 1962 illam
590 1920 678 1962 monte
688 1921 829 1984 pugnans.
913 1907 915 1913 '

86 2011 156 2088 Qua
177 2032 217 2069 res
236 2011 329 2082 Iram,
346 2013 534 2092 indignatione
556 2031 655 2092 magna
676 2011 705 2068 in
729 2011 829 2069 Areten

78 2133 228 2195 concepta,
250 2116 378 2185 excivit,
397 2137 456 2174 cum
463 2115 596 2192 ferocium
609 2116 746 2172 bominum
758 2136 831 2172 exer·
897 2111 900 2117 ’

82 2222 140 2278 citu
153 2220 262 2296 passim
280 2234 364 2274 totam
376 2217 525 2272 Sarcotlrea
539 2213 730 2292 poffessionern
748 2217 831 2273 inva-

83 2323 196 2379 dentem.
216 2319 250 2377 ln
267 2319 395 2398 priuatas
414 2315 466 2375 illa
482 2315 613 2396 familias
628 2339 679 2397 per
697 2315 835 2398 Injuriam¹

87 2429 116 2486 V
114 2423 305 2501 iolentiamque
312 2466 323 2492 ,
332 2419 534 2499 Diffensionem
546 2423 658 2479 induxit
669 2467 678 2493 ,
689 2425 719 2480 in
731 2421 833 2503 Respu-
885 2439 887 2444 '

85 2529 173 2588 blicas
190 2525 261 2583 bella
278 2523 394 2594 ciuilia,
413 2527 508 2604 Regna
527 2525 597 2604 inter
605 2521 636 2600 se
654 2528 787 2586 commisit
802 2527 830 2586 ὢ

88 2627 271 2710 Urbes,foedis
281 2629 538 2710 depopulationibus
549 2627 713 2710 excidiifque
722 2634 832 2709 uastan-

85 2741 147 2798 das.
164 2734 241 2817 Ipfits
259 2737 288 2794 in
300 2733 331 2813 se
349 2737 465 2805 inuicem
485 2754 603 2796 armatos
620 2739 755 2797 Homines
771 2761 831 2796 ma-

82 2845 150 2926 gnis
167 2843 283 2900 uadibus
294 2886 305 2912 ,
321 2839 503 2923 stragibusque
532 2841 660 2912 collisit,
681 2843 764 2900 Arete
780 2863 832 2921 pro

86 2947 238 3010 Sareotbta
263 2942 418 3026 defensione
455 2947 633 3027 nequicquam
668 2946 832 3010 obnitente:
