2086 3652
298 327 494 404 lons
520 344 540 396 1
566 341 607 400 si
691 272 693 282 y
774 350 813 428 53

111 459 196 502 tamen
210 443 338 502 absolutas
358 453 439 518 pleno
459 450 535 503 sensu
550 449 676 519 periodos
682 437 720 502 ÷'in
731 453 822 508 medio

111 521 188 574 etiarn
204 521 320 574 carmine
334 522 487 591 suspendit,
507 536 537 575 ur
550 523 628 576 facil'e
647 523 820 583 observabis,

113 610 167 662 que
180 594 327 658 universim
339 597 428 648 latam
442 597 657 680 exultantemque
670 596 821 648 orationem

111 665 242 728 efficiunt,
256 683 285 720 ac
304 668 417 736 proinde
432 668 515 722 simili
534 669 650 723 materiae
668 685 822 747 accommo-

111 735 211 793 datam.

145 805 234 865 Unum
253 811 418 867 dissimulare
429 831 485 868 non
502 815 605 878 debeo,
621 830 655 866 ne
671 815 720 866 hac
741 813 822 866 Vatis

110 884 193 945 illius«
205 885 454 951 commendatione
475 905 491 938 a
507 887 626 955 Virgilio
650 899 677 938 te
701 885 823 938 aversum

110 956 139 1009 in
157 975 274 1012 errorem
297 959 429 1012 inducam.
454 959 534 1012 Maro
557 959 630 1041 enim
648 957 714 1010 sive
733 957 823 1010 verbis

109 1031 243 1101 propriis,
259 1030 319 1084 sive
336 1045 448 1099 tropicis
457 1045 560 1093 utatur
574 1029 663 1082 mincis
680 1030 711 1080 ab
722 1027 824 1080 eximia

110 1103 234 1156 Romanae
252 1103 350 1173 linguae
378 1103 511 1171 puritate,
529 1103 556 1154 &
579 1099 701 1170 appositi
719 1097 823 1170 signifi

110 1177 190 1229 candi
198 1177 299 1230 uirtute
320 1173 444 1228 deflediit.
461 1175 620 1228 Claudianus
639 1173 725 1226 minus
745 1171 825 1242 signi-

109 1247 217 1302 ficanter
233 1247 369 1317 propriis,
388 1250 413 1301 δι
431 1248 558 1300 transsatis
573 1247 714 1310 audaciis,
729 1245 823 1299 utitur.

109 1321 141 1373 In
150 1321 293 1406 proposito
304 1321 331 1374 id
330 1324 468 1392 exemplo
477 1322 566 1391 paucis
578 1320 736 1390 spedlemus.
744 1319 825 1372 Maro

110 1392 163 1458 sic,
180 1395 296 1462 opinor,
310 1382 481 1464 loqueretur:

109 1485 190 1552 Quum
199 1484 323 1551 provellus
333 1500 394 1551 equo
406 1501 485 1552 pugne
496 1485 618 1538 simulacra
629 1485 726 1540 referres
804 1515 807 1520 Δ

108 1572 194 1626 Martia
205 1607 213 1631 ,
224 1572 265 1622 vix
274 1571 360 1622 habiles
371 1573 486 1638 quisquam
497 1573 609 1624 intentare
617 1572 698 1624 sarissas

72 1651 84 1660 '
108 1657 223 1727 ῼοέὶῑοι,
238 1666 277 1706 aut
286 1656 371 1707 subitos
381 1658 403 1708 in
413 1671 493 1724 gyrum
502 1657 594 1710 flectere
605 1659 682 1711 culus
690 1693 700 1720 ‚

109 1743 160 1798 Aut
171 1743 261 1794 sinuare
273 1741 424 1808 lugam,&c.
457 1791 459 1794 .

120 1861 121 1864 ’
146 1861 242 1929 Neque
260 1857 332 1909 enim
351 1855 439 1909 wilari
457 1851 697 1928 frequentationem
714 1861 741 1913 u
757 1859 828 1926 levi·

107 1945 193 1988 tatem
212 1933 351 1999 quamdam
362 1931 457 1983 sonans
468 1948 518 1999 pro
527 1946 602 1984 tanto
619 1933 658 1986 sat
672 1948 763 2002 aprum
778 1935 827 1986 du·

106 2023 141 2070 ce
157 2023 164 2059 ι
180 2020 267 2072 neque
285 2007 379 2064 tendere
394 2004 432 2056 sac
449 2004 521 2057 illius
539 2005 651 2059 aeiionis
670 2004 829 2077 significati·

107 2094 177 2130 vum
193 2095 202 2136 ς
221 2077 301 2128 ludere
323 2077 404 2128 etiam
425 2077 564 2132 simulacra
588 2095 680 2148 parum
708 2077 826 2148 congrue

107 2149 264 2202 transsatum
279 2167 288 2208 ·,
306 2165 392 2216 neque
407 2150 487 2199 mollis
504 2151 566 2218 fuga
583 2150 730 2218 epithetum
745 2152 828 2218 usque

107 2223 180 2275 adeo
198 2221 343 2284 idoneum,
361 2219 439 2288 quim
456 2220 587 2288 Virgilius
604 2223 731 2289 requirar.
746 2223 779 2273 Et
794 2237 828 2274 ne

109 2293 217 2364 singula
234 2293 402 2356 examinem,
426 2291 581 2365 amputaffer
600 2293 679 2346 Maro
702 2309 828 2363 tanquam

108 2365 232 2418 otiosum
249 2365 378 2434 quidquid
393 2381 408 2417 a
426 2381 461 2417 20
477 2365 547 2416 vers.
563 2365 692 2432 usquead
710 2367 744 2417 26
762 2366 829 2432 adji-

106 2437 190 2491 citur.
204 2438 295 2490 Nimia
312 2437 386 2490 enim
400 2439 586 2506 exemplorum
601 2437 680 2508 copia
694 2435 724 2490 in
740 2438 782 2490 his
795 2439 830 2490 si·

107 2509 272 2578 milibusque
291 2509 395 2574 affluit,
414 2523 443 2562 ut
462 2510 485 2562 si
500 2508 529 2562 in
539 2511 629 2562 locum
646 2525 728 2562 unum
738 2511 829 2563 omnis
845 2561 855 2573 ,

106 2583 164 2662 huc
183 2583 283 2636 faciens
300 2581 391 2650 poesis
405 2583 552 2634 acervanda
567 2581 639 2635 effer.

118 2655 190 2706 Ειι
203 2669 234 2706 ut
248 2654 380 2737 Virgilius
405 2653 466 2722 apte
485 2657 648 2710 exultantem
673 2655 719 2709 sub
739 2654 830 2726 equite

31 2731 35 2736 “
103 2741 212 2796 equum
229 2725 352 2798 depingat
374 2739 387 2794 3
401 2728 509 2799 Georg.

412 2819 524 2873 Docuere
535 2820 574 2873 sub
585 2821 653 2872 armis

105 2881 222 2978 insultare
233 2904 285 2961 solo
297 2907 321 2958 dc
331 2905 414 2974 grellus
425 2905 555 2973 glomerare
563 2906 684 3031 supetrzbos5

653 2996 683 3046 ιι]
