2086 3652
200 319 247 397 68
375 321 723 394 Hanotce

198 438 314 507 ritibus,
328 443 411 495 luceas
430 461 484 514 prae
501 445 582 514 genis,
596 463 691 496 vaccam
705 461 758 514 prae
771 443 830 516 dove
842 459 923 498 atna-

200 516 249 570 bit.
273 515 395 570 Ridicula
414 516 480 570 item
505 516 616 570 sedatur
640 517 766 586 epitheta.
789 518 861 572 Hinc
879 519 922 590 ln·¹

200 604 280 640 trente
295 589 430 644 stomacho
441 629 449 653 ,
462 591 574 659 plorante
585 591 645 660 guli
653 629 661 654 ,
670 591 734 642 ibid.
750 591 848 645 Juven.
859 592 921 643 Me·

200 662 319 730 tapborae
337 663 403 715 item
422 662 567 728 delediant‚
584 681 600 714 a
616 666 693 716 rebus
715 662 826 716 sordidis
846 663 922 731 peti-

199 731 253 796 tae,
270 747 320 799 ut,
340 733 440 805 insulsas
454 736 542 786 roslare
559 755 590 788 eat
611 737 703 803 pessare
723 754 802 789 voees.
823 737 868 790 Sic
891 736 920 786 du

200 806 414 874 comparationes
438 825 454 860 a
475 809 551 860 rebus
577 807 738 876 contemptis
765 809 921 871 ducuntur,

199 880 291 930 duceris
302 881 391 948 plantes
406 879 536 950 (pedibus
555 881 701 936 extrahetis
714 881 725 946 )
739 883 805 932 veltet
816 882 872 934 idua
890 881 923 930 ab

200 950 306 1002 Hercule
326 956 419 1012 Cacus,
434 953 498 1007 Juv.
514 953 550 1007 ib.

238 1025 284 1077 2⁹.
301 1025 382 1078 Amat
393 1023 543 1080 historiolas
562 1025 708 1094 apersonis
722 1024 865 1078 vilioribus
874 1041 923 1092 pe·

182 1094 280 1161 esitus,
298 1113 343 1164 aut
362 1098 385 1150 si
401 1098 508 1168 quidem
526 1101 558 1152 ab
582 1099 784 1161 illustrioribus,
806 1113 863 1150 non
879 1113 925 1149 ta-

200 1185 264 1222 men
282 1169 393 1224 illustres
417 1173 510 1240 sepe,
534 1172 588 1226 nisi
609 1174 641 1225 ad
666 1172 825 1226 contrariam
848 1169 924 1224 vitio.

200 1242 329 1294 virtutem
362 1245 523 1310 probandam
552 1245 725 1300 adserantur:
752 1245 797 1298 hic
821 1243 922 1297 Juven.

202 1328 299 1386 praeter
315 1313 417 1384 reliqua
432 1315 495 1369 ibid.
514 1317 553 1370 sic
569 1315 662 1370 canit:
703 1361 707 1365 .

201 1452 260 1505 Cras
270 1453 335 1506 bibet
343 1453 438 1507 Albanis
450 1455 532 1524 aliquid
545 1456 574 1508 de
586 1455 716 1518 montibus,
730 1466 768 1510 aut
779 1455 809 1508 de
880 1509 882 1513 .

200 1541 301 1604 Setinis,
313 1541 377 1608 cujus
387 1545 499 1610 patriam,
511 1544 647 1610 titulumque
658 1543 760 1596 senedlus

201 1630 297 1684 Delevit
306 1631 377 1682 multi
386 1632 472 1684 vetetis
482 1631 574 1699 iuligine
585 1632 646 1684 tella
658 1647 667 1688 t

202 1717 281 1786 Quale
292 1719 400 1771 coronati
409 1717 509 1772 ibrasea
518 1717 683 1787 Helvidiusque
693 1717 819 1783 bibebant,

201 1805 324 1858 brutorum
334 1808 360 1858 δι
371 1807 440 1859 Cassi
450 1806 568 1858 natalibus.
580 1805 630 1873 lpse
641 1821 740 1874 capaces

202 1889 326 1964 Heliadum
338 1893 423 1946 crustas
435 1895 460 1946 &
471 1893 592 1960 inequales
602 1891 706 1960 beryllos

206 1966 277 2034 Virro
288 1991 352 2033 tenet
360 1979 446 2047 phialas
449 2013 531 2033 .....

224 2099 226 2106 ·
337 2067 450 2122 Gemmas
460 2067 491 2118 ad
507 2067 591 2134 pocula
603 2069 711 2123 transfert

204 2156 312 2223 Adigitis
322 2192 330 2216 ,
340 2171 396 2223 quas
408 2157 431 2208 itt
440 2157 527 2224 vaginae
535 2155 612 2210 fronte
622 2157 714 2209 solebat

180 2283 187 2297 .
204 2241 297 2296 Ponere
305 2243 423 2310 Zelotypo
433 2244 522 2309 iuvenis
533 2245 636 2312 prelatus
647 2245 747 2297 Hiarba.

206 2323 245 2404 Tu
256 2331 411 2382 beneventani
426 2331 507 2384 sutoris
519 2346 604 2384 nomen
615 2333 739 2392 habentem

208 2417 313 2471 Siceabis
330 2407 426 2471 ¹calicem
438 2420 543 2472 nasorum
555 2430 701 2486 quattuor....

243 2549 318 2604 Nihil
327 2551 370 2604 hic
382 2552 535 2614 obscurum,
551 2549 605 2604 nisi
620 2569 656 2604 ex
666 2548 833 2620 antiquitatis
846 2551 928 2622 igno.

206 2623 325 2692 ratione,
340 2624 477 2692 reperitur.
490 2623 585 2676 Sensus
601 2623 657 2677 est:
672 2628 728 2675 Cras
743 2625 873 2675 exAlbam'
884 2643 927 2676 aar
943 2682 945 2686 Α

208 2693 286 2764 Setini
300 2699 384 2747 montis
404 2699 459 2748 vino
472 2697 554 2751 bibes,
574 2697 637 2760 cujus
656 2713 697 2744 aas
718 2697 841 2756 testaceum
858 2699 870 2764 (
879 2715 926 2763 quo

207 2767 265 2834 vina
293 2767 478 2832 condebantur)
505 2765 633 2818 vetustate
663 2765 854 2828 obliteratum,
877 2785 927 2833 pa-

208 2837 287 2890 triam
308 2841 335 2892 dr
356 2840 463 2890 titulum
483 2835 542 2888 vini
562 2853 619 2888 oon
646 2836 760 2904 amplius
785 2837 926 2905 preferat,

209 2912 286 2989 quale
302 2913 348 2965 sub
363 2913 470 2964 Nerone
485 2909 599 2964 Thrasea
616 2909 796 2964 &Helvidius
812 2908 925 2996 eiussoq
