2086 3652
211 319 260 394 ὥ
406 315 738 386 HanotcA

209 439 291 492 risum
310 436 396 492 iacer'e
416 439 572 508 captandum
588 437 739 496 idoneum
757 437 934 505 quemadmo-

208 514 272 566 dum
293 513 319 565 &
337 513 411 581 quod
427 512 545 580 sequitur
557 549 565 574 ‚
579 509 666 562 videri
684 509 838 578 quibusdam
854 526 932 578 pote·

209 586 261 650 rit,
272 585 385 637 Juvenum
401 601 513 653 purgatas
523 582 605 650 inseris
618 601 684 634 aum
694 581 764 651 fruge
780 585 933 636 Cleanthea:

208 659 262 710 hoc
276 657 331 719 est,
345 657 461 710 Juvenes
484 656 513 708 in
534 655 668 708 Cleanthis
689 655 860 724 philosophia
887 655 935 707 in-

208 729 293 783 struis.
305 730 369 795 Quo
385 731 467 792 loco,
484 729 524 780 uti
544 729 570 781 δι
587 728 664 791 aliis,
681 728 821 780 obserrlare
840 728 934 782 licebit

207 801 239 854 in
257 802 364 865 Persio,
381 801 496 854 raritatis
514 801 617 871 grand,
634 799 746 852 studium
768 801 933 854 innovandae

207 874 311 942 phrasis
328 893 337 934 ;
354 875 494 927 dicendum
511 875 603 936 enim,
619 877 712 924 auribus
726 873 808 942 fruges
824 871 933 939 inferlm

208 963 296 1016 neque
306 950 365 998 lunc
375 948 429 999 alea
440 950 563 1016 decoquit,
574 949 665 1000 sedhic
678 965 725 998 rem
738 947 847 1014 decoquit
857 948 934 1010 alui,

115 1072 118 1082 ,
208 1035 296 1088 neque
315 1021 340 1070 r'n
357 1039 480 1086 venerem,
498 1022 542 1073 sed
562 1039 646 1072 venere
659 1035 749 1088 putrer.

245 1093 391 1145 Tumorenr
403 1094 535 1146 orationis
546 1093 688 1146 ridiculum
700 1108 756 1144 non
768 1093 933 1144 damnavero

208 1163 284 1229 illic,
306 1165 352 1217 ubi
369 1183 412 1218 res
431 1179 539 1235 quoque
557 1167 657 1218 tumida
676 1164 792 1234 congrui
812 1163 934 1217 didione

207 1239 366 1304 exponenda
391 1237 452 1289 erit.
476 1239 520 1290 Sic
540 1241 674 1290 Cornutus
700 1237 785 1290 Persii
810 1235 935 1304 magister

207 1307 269 1374 apti
286 1309 421 1376 principio
433 1312 536 1380 Saryrae
550 1325 561 1376 5
575 1348 584 1374 ,
603 1325 737 1363 rumorem
749 1308 791 1362 illi
803 1309 830 1363 δι
841 1309 935 1362 obscu-

207 1379 315 1433 ritatem
330 1383 483 1450 exprobrat.

373 1497 479 1563 Quantar
490 1496 577 1548 robulii
590 1498 698 1550 carminis
709 1497 767 1550 onas

206 1581 309 1648 ingeris,
322 1593 347 1634 ut
357 1585 437 1650 parsit
447 1595 547 1636 centeno
558 1595 649 1650 gutture
658 1586 698 1635 niti
709 1585 720 1634 i

173 1668 175 1670 ’
206 1668 303 1724 Grande
312 1670 533 1732 locuturi‚nebulas
543 1669 662 1724 Helicone
671 1671 784 1739 legunto,

208 1756 232 1808 Si
244 1757 326 1824 quibus
338 1769 376 1808 aut
387 1755 503 1820 Procnes,
515 1769 553 1808 aut
565 1758 675 1825 siquibus
688 1759 732 1810 olla
742 1759 851 1828 Thyeliar

205 1843 314 1897 Fervebit
322 1879 330 1901 ‚
339 1845 396 1910 sape
408 1844 490 1896 insulso
503 1843 619 1896 coennnda
629 1845 743 1911 Glyconi.

206 1931 245 1984 Tu
254 1946 344 1999 neque,
354 1932 465 1984 anhelanti
478 1933 585 1998 coquitur
596 1931 650 1982 dum
662 1933 846 1992 massmanno,

206 2018 271 2072 Folle
281 2019 364 2084 prenris
375 2029 474 2074 ventos.
486 2031 530 2070 nec
540 2017 618 2070 clauso
628 2027 744 2072 murmure
754 2035 853 2078 raucus,

208 2104 295 2156 Nescio
305 2103 361 2171 quid
370 2115 447 2156 recum
458 2119 529 2172 grave
539 2106 665 2157 cornicaris
676 2106 767 2173 inepti,

185 2235 189 2252 .
207 2191 261 2246 Nec
270 2193 350 2260 sclopo
362 2191 460 2244 tumidas
471 2192 570 2245 intendis
579 2208 686 2261 rumpere
696 2195 792 2247 buccas.

242 2311 304 2362 Hoc
313 2307 363 2372 est,
375 2308 438 2359 Noli
445 2325 478 2368 ru,
488 2307 565 2366 Persi,
575 2325 623 2358 eam
629 2309 745 2378 grandia,
757 2307 935 2377 aranolscnra

208 2383 276 2450 ioqui
286 2420 294 2444 ‚
304 2383 384 2449 qualia
395 2379 526 2450 scriptores
537 2382 623 2450 tragici
632 2384 661 2431 de
670 2381 763 2450 Prornq
775 2383 799 2432 6
813 2381 911 2450 Thyaefle
922 2417 931 2443 .

208 2457 238 2506 de
256 2456 337 2523 quibus
349 2452 389 2522 sar
407 2453 493 2521 insulsi
514 2452 602 2522 Glyco.
625 2455 684 2506 Non
705 2455 766 2504 eninr
786 2457 860 2506 miir
874 2456 933 2521 Μ·

208 2528 263 2587 lor,
289 2544 331 2578 aur
353 2529 428 2580 veluti
444 2529 616 2596 strangulatam
633 2543 712 2577 vocem
733 2543 783 2576 cum
798 2529 933 2579 cornicibus

210 2601 277 2663 edis,
295 2617 337 2650 aur
353 2601 439 2668 inflato
458 2618 499 2650 rm
514 2599 655 2667 prorumpis.

244 2673 309 2723 Nori
317 2671 454 2740 ignoravit
464 2670 569 2721 Persius
578 2672 645 2720 hanc
663 2668 778 2736 magistri
788 2672 932 2724 corredlio·

207 2759 270 2794 nem
291 2745 409 2802 3veri1m
430 2742 515 2806 reipsa
541 2756 598 2791 non
623 2739 685 2790 satis
712 2739 749 2789 est
778 2741 929 2796 obsecums.

208 2817 277 2868 Nam
295 2815 353 2882 post
365 2813 565 2865 excusationem
577 2849 584 2874 ,
600 2813 692 2862 eadem
704 2809 734 2862 in
744 2811 840 2882 Satyra
849 2814 937 2884 quim

209 2887 309 2944 tumide
324 2887 393 2939 iuret
412 2884 523 2936 nebulas
541 2883 665 2938 incedit!
