2086 3652
138 326 139 330 ,
326 261 612 336 Poasrn
778 293 823 362 μ

110 390 825 463 «ωῑῌκππῂψωωεεκυ

276 521 531 596 CAPUT
581 525 668 598 XL
812 531 817 540 ’

107 643 166 712 Dc
178 645 325 713 imitandi
337 646 394 736 usn
402 667 495 735 acque
503 647 745 733 exercitatione,
760 667 837 718 tam·

142 744 200 812 via*
213 741 432 834 restrictionis,
446 739 542 832 quim
554 741 796 839 compofitionis.

107 887 275 1046 Quum
295 966 328 1017 ad
345 963 546 1026 exercitationis
568 963 680 1018 studium
699 965 826 1037 viamque

107 1055 138 1091 ac
154 1039 286 1092 rationem
313 1037 434 1090 imitandi
454 1039 554 1106 (quam
582 1038 611 1089 iu
639 1039 687 1091 usu
713 1041 827 1106 potissi·

40 1137 43 1144 ·
107 1127 198 1177 mam,
217 1108 388 1178 maximeque
408 1110 577 1178 expeditam,
597 1126 638 1162 ars
654 1111 756 1178 quavis
776 1113 827 1165 ha-

106 1185 172 1253 bet)
189 1183 300 1253 propiits
315 1182 465 1247 acceditur,
483 1183 539 1234 haec
555 1196 615 1235 ante
634 1183 725 1235 omnia
745 1184 772 1236 se
784 1184 825 1238 of·

108 1257 160 1310 lert
180 1256 298 1326 quaestio.
316 1255 432 1321 Quinam
452 1255 481 1306 in
498 1256 587 1324 Epicis
609 1255 731 1308 imitandi
747 1256 825 1311 sinti

108 1332 180 1400 quod
197 1345 279 1398 quum
301 1329 402 1380 abunde
428 1327 489 1379 satis
513 1327 660 1381 deliniviffe
684 1328 749 1392 illd,
771 1329 826 1399 qui

49 1423 51 1428 ·
106 1403 303 1471 ptaecipuorum
321 1402 421 1452 Vatum
436 1401 551 1468 expendi
571 1401 689 1472 stylum,
704 1401 825 1470 disquisi.

106 1475 183 1528 tione
197 1475 290 1527 videar
300 1511 309 1538 ,
321 1489 402 1540 pauca
413 1471 508 1536 adjicio
519 1491 527 1532 ·‚
539 1490 624 1542 neque
640 1473 711 1526 enim
728 1475 825 1527 obscu.

106 1564 167 1600 rum
188 1546 243 1608 est,
261 1546 313 1596 hoc
338 1545 433 1612 cuique
453 1544 629 1610 imitandum,
655 1549 727 1615 quod
750 1546 825 1616 opti·

107 1635 183 1671 mum
202 1615 254 1668 effe
269 1615 446 1667 convincitur.

144 1691 338 1741 Verumtamen
354 1687 410 1752 ipsa
430 1699 530 1738 naturae
549 1686 702 1756 ingeniique
719 1691 824 1746 diversa

108 1760 139 1812 in
158 1758 271 1812 diversis
289 1757 440 1810 nationibus
449 1757 605 1820 inclinatio,
623 1760 676 1810 hoc
693 1762 824 1828 postulare

108 1833 233 1896 viderur,
251 1846 355 1882 utnon
373 1829 511 1882 idem'dux
532 1829 567 1882 sit
586 1830 717 1884 omnium.
740 1835 772 1885 Et
790 1851 826 1888 ue

107 1905 270 1960 diversarum
298 1918 410 1972 totoque
434 1905 505 1956 coelo
529 1903 679 1956 dissitamm
704 1905 825 1974 gentium

108 1978 227 2032 indolem
243 1993 403 2046 componam
421 1993 430 2036 ·,
447 1976 581 2030 inferioris
604 1975 755 2030 Germania
772 1994 827 2046 po·

108 2051 166 2120 puli
186 2067 242 2102 nou
260 2048 337 2104 facile
357 2050 429 2102 illam
447 2049 525 2102 Statii
547 2048 703 2120 gravitatem
724 2051 824 2118 proba·

108 2125 174 2176 bunt
184 2162 198 2187 ,.
214 2137 258 2174 aut
275 2123 356 2176 etiam
367 2121 550 2190 allequentur,
568 2139 617 2175 nec
637 2138 728 2176 contra
743 2123 823 2176 Boio·

109 2213 168 2248 rum
185 2195 300 2266 gravitas
315 2197 350 2246 ad
366 2195 440 2246 illam
457 2196 511 2247 sese
530 2194 627 2247 Ovidii
636 2195 774 2249 lenitatem
782 2196 825 2266 fet·¹

110 2266 162 2322 tile
173 2267 327 2322 inclinabit:

239 2361 332 2414 Nature
342 2359 441 2428 sequitur
451 2358 533 2410 semina
544 2356 635 2424 qui‘que
645 2357 698 2413 sue.

145 2478 205 2532 llos
217 2475 297 2548 igitur
306 2474 330 2534 si
341 2472 466 2543 prompti
475 2470 649 2540 expeditique
661 2473 693 2524 ad
707 2471 775 2526 haue
793 2469 825 2529 in

109 2551 188 2620 poesi
202 2549 385 2619 eloquentiam
399 2547 445 2598 viri
462 2547 555 2597 ducere
566 2543 749 2608 constitueris,
765 2547 824 2601 noli

109 2625 142 2676 ad
154 2623 199 2676 illa
217 2622 331 2690 primum
346 2618 500 2687 scriptionis
515 2632 637 2670 exercete
657 2632 822 2687 prototypa,

110 2713 169 2766 quae
179 2695 210 2748 ab
221 2711 314 2748 eorum
324 2689 595 2763 ingeniolongissim'e
602 2689 708 2750 absone,
718 2691 762 2743 sed
767 2690 822 2744 illis

110 2767 226 2836 primum
242 2765 377 2820 autoribus
393 2765 573 2834 exemplisque
595 2763 706 2827 instrue,
727 2764 822 2832 quibus

112 2841 139 2896 δι
156 2855 248 2894 natura
265 2838 424 2904 delectatur,
441 2839 467 2892 ἃ
478 2855 519 2892 ars
530 2836 688 2905 facultasque
704 2851 761 2888 nou
776 2836 823 2906 acl·⁸
