2086 3652
322 277 642 354 Forsan?
782 295 824 378 ss

110 405 186 467 tarn,
202 403 283 472 quam
299 404 425 466 Carolus,
442 402 562 456 abdicato
579 400 712 472 Imperio,
724 401 755 458 in
768 403 833 457 soti·
852 399 858 405 ’

111 475 205 529 tudine
222 475 319 528 vixit?
336 476 447 543 Accipe.
468 477 579 528 Carolus
599 477 669 528 hunc
689 476 829 529 discessum

112 565 128 600 a
147 547 219 600 cutis
234 549 344 616 publicis
359 551 391 599 ad
406 548 540 616 privatum
557 548 652 606 animas
670 547 829 618 pietatisque

111 620 260 687 impensius
270 623 423 674 exercende
438 620 551 672 studium
560 619 614 686 iarn
623 623 722 674 dodum
737 621 829 674 auimo

112 694 289 760 complens,
308 707 338 744 ιιι
361 694 485 746 credibile
504 693 569 759 est„
590 693 671 746 etiarn
695 707 765 746 voro
786 692 831 744 tir·

110 777 240 818 macerat.
261 765 322 820 Post
336 767 436 822 belluna
450 764 710 835 igiturzsaronieum
730 769 756 819 δι
771 767 830 819 fult·

111 837 198 890 addam
214 840 406 901 rebellionem,
422 839 588 908 aReligione
609 843 641 892 ad
658 839 830 909 proposituri

109 909 277 979 implendum
302 911 456 964 excitandus
481 914 550 974 etit,
572 911 675 976 objecta
696 929 744 982 pet
770 912 830 980 spe·

111 983 183 1036 ciem
203 983 296 1037 mundi
323 999 353 1036 ac
377 1000 520 1054 regnorum
547 983 667 1036 vanitate
688 999 766 1052 atque
786 983 830 1035 irt-

112 1056 269 1110 constantid.
289 1056 393 1111 Verum
417 1055 587 1110 firmantem
609 1055 832 1124 cunctantemque

112 1127 233 1196 impellat
253 1129 342 1197 primo
363 1145 411 1196 pet
436 1127 558 1180 Mauritii
571 1153 572 1156 ¹
585 1128 780 1191 defectionem,
802 1143 833 1180 ac

112 1202 208 1254 deinde
227 1201 363 1254 infelicem
388 1201 518 1254 Metensis
541 1201 613 1254 urbis
635 1202 833 1264 obsidionem,

113 1287 144 1324 ut
164 1275 296 1343 denique,
320 1273 396 1326 motai
419 1273 494 1326 omni
515 1273 655 1337 damnati,
674 1274 784 1344 sceptris
803 1273 833 1325 itt

113 1347 271 1400 Ferdinandi
290 1347 419 1400 fratris&
438 1345 555 1414 Philippi
575 1347 627 1399 filii
651 1348 771 1400 manibus
789 1363 833 1398 re—

113 1417 204 1484 lictis,
222 1420 249 1471 se
270 1436 330 1471 curu
349 1419 439 1486 paucis
462 1421 525 1471 Deo
546 1437 575 1472 ac
599 1420 737 1482 solitudini
756 1437 833 1473 com·

113 1491 223 1554 rnittat,
241 1491 288 1542 ubi
315 1489 396 1542 modo
422 1491 557 1544 exercitiis
577 1493 728 1557 virtutum,
748 1490 844 1550 modo

113 1562 295 1632 Astrologiae,
312 1563 422 1629 aliisque
447 1562 557 1627 studiis,
576 1563 657 1616 ruodo
678 1565 759 1617 etiarn
786 1581 835 1618 ve·

114 1635 271 1686 nationibus
288 1634 421 1696 honestis,
436 1635 582 1720 reliquum·
586 1637 652 1688 vitae
671 1652 777 1706 tempus
794 1638 834 1690 ita

116 1708 267 1774 partiatur,
277 1719 307 1756 ut
326 1721 360 1757 ex
375 1705 488 1772 singulis
503 1707 599 1758 mortis
616 1724 646 1759 ac
661 1708 756 1760 fututa
767 1710 833 1762 uitae

116 1777 331 1830 recordationem
346 1777 466 1834 hauriat,
478 1793 507 1830 ac
522 1779 654 1847 denique,
668 1795 755 1832 morte
770 1798 836 1848 prae·

115 1849 837 1994 ἓὲεῗὲιὶῗιὶῗξξ“ῗὲἰῇῗέἓ“ἑιῗΐωῖρῗῗιὼῗ

346 1963 354 1986 ,
575 1943 598 1977 ιι
729 1943 814 1990 ot,e

115 1997 166 2050 hac
184 1996 242 2050 vira
258 2013 274 2048 a
293 1997 398 2054 tutelari
421 1997 511 2052 Genio
532 1998 837 2052 &MidiaeleAtdaan-

117 2071 181 2138 gelo
193 2071 226 2121 ad
237 2069 378 2124 dicatorum
393 2071 483 2134 sodes,
497 2073 680 2141 &precipuos
692 2072 836 2126 Austtiacae
905 2100 912 2108 -

117 2143 215 2200 domus
231 2159 354 2210 proceres
363 2145 520 2196 traducatur.
533 2146 572 2196 En
580 2145 670 2213 paucis
682 2146 781 2198 semina
791 2160 841 2198 re*

119 2231 179 2267 turn
199 2214 338 2267 illustrium
359 2215 388 2266 in
410 2217 476 2266 hanc
495 2216 627 2268 actionem
650 2218 753 2284 sparsa,
777 2235 836 2287 quae

109 2289 154 2340 'nd
169 2289 236 2340 bene
255 2303 378 2357 magnam
395 2287 553 2354 Ep'opoeiatn
571 2287 730 2342 suffecerint.

157 2361 274 2412 Alterius
295 2361 434 2428 Epopoeiae
462 2359 634 2424 humilioris,
653 2377 712 2429 quae
735 2362 838 2432 tragico

121 2431 197 2494 exitu
208 2433 371 2496 absolvitur,
387 2431 528 2484 Mauritius
542 2431 663 2484 Orientis
675 2434 837 2502 Imperator,

121 2504 272 2558 Monachus
281 2506 362 2558 etiarn
375 2509 408 2557 ad
417 2507 515 2558 bellum
527 2520 643 2574 cogens,
653 2521 740 2574 neque
752 2507 838 2578 capti·

121 2593 174 2630 vos
191 2593 226 2629 ex
249 2579 418 2631 barbatorum
440 2577 560 2630 manibus
586 2579 757 2646 quantumvis
777 2579 838 2638 exi·

123 2665 177 2718 guo
196 2650 261 2702 litto
280 2651 430 2715 redimens,
452 2664 530 2720 atque
551 2649 649 2704 idcirco
673 2652 748 2723 gravi
762 2653 839 2707 deni·

123 2737 175 2790 que
199 2735 287 2776 ruotte
309 2725 446 2788 sublatus,
466 2727 620 2794 exemplum
645 2725 697 2779 effe
725 2726 838 2794 poterit

123 2795 205 2858 Quod
222 2794 283 2848 sane
306 2797 407 2850 facilius
435 2797 596 2862 deducetur,
617 2797 696 2867 quarn
714 2799 780 2851 illud
806 2801 838 2852 de

99 2931 100 2934 Ἴ
123 2865 218 2920 Adami
234 2867 280 2920 seu
295 2870 415 2924 humanae
435 2882 534 2924 natura
552 2871 669 2993 lapsuBa
677 2871 754 2924 nobis
772 2885 838 2940 pto·

663 2961 692 2996 tv
