2086 3652
231 306 276 378 26
415 307 787 378 Hunorc'sts

264 427 323 480 Lib.
340 427 383 493 3⁰.
401 427 544 490 Pontifex,
563 426 681 496 probatis
697 424 788 482 Caroli
807 427 947 496 consiliis,

226 500 402 570 damnatique
418 500 495 554 stulti
515 502 705 571 Europaeorum
724 500 876 568 Principum
892 503 945 556 dis·

228 575 372 637 sensione,
392 573 444 642 qud
464 575 539 626 illum
565 572 692 635 hostem,
722 589 802 641 quem
826 573 945 638 ,majores
989 621 992 624 .

228 650 301 700 ultro
318 645 415 712 junilis
433 648 512 698 armis
534 661 717 714 oppugnatum
737 645 827 710 ibant,
846 645 875 702 in
897 664 945 714 pa·

228 720 308 772 triam
323 719 484 784 admittunt,
501 735 582 786 opem
602 735 633 770 ac
650 718 829 772 subsidiariam
840 718 945 772 claffem

226 792 370 861 pollicetur
390 811 399 852 ς
423 807 480 843 tum
509 789 577 844 verb
606 793 728 844 eumdem
753 793 893 854 hortatur,
914 807 945 844 ut
974 817 978 829 ·

136 883 137 890 ¹
227 865 383 936 grassantem
400 865 429 917 in
445 864 559 932 imperio
577 864 690 916 haeresin
701 865 858 933 extinguere
870 865 945 918 omni

228 939 260 990 xri
274 938 401 991 moliatur
417 956 426 997 ·,
441 954 475 988 ne
491 938 547 988 haec
564 936 677 1005 denique
688 975 696 1000 ,
707 940 769 989 dum
786 937 853 988 soris
864 953 945 1007 regna

228 1029 302 1064 nova
320 1011 432 1080 quaetit,
450 1024 559 1062 evertat·
577 1010 695 1078 propria.
715 1011 823 1063 Fundam
846 1010 946 1062 Henri·
969 1019 972 1026 “

227 1085 255 1137 ci
272 1085 340 1138 Vlll
364 1083 538 1136 desedionem
558 1082 637 1136 latinis
663 1083 814 1150 expositam
835 1081 946 1136 detesta-

228 1172 292 1222 tur,
312 1172 369 1209 tum
392 1156 507 1220 ejusdem
524 1155 655 1223 temporis
675 1154 769 1209 recens
797 1155 946 1208 nuntiatam

227 1225 385 1284 Monasterii
404 1227 614 1296 Westphalorum
634 1228 708 1280 urbis
734 1245 781 1296 per
802 1227 946 1296 apostatam
1036 1255 1037 1308 l

227 1301 383 1354 Leidensem
404 1301 620 1362 subversionem,
641 1302 850 1370 tragoediamque
867 1301 946 1368 plani

227 1375 407 1426 admirandam
426 1389 461 1426 ex
471 1373 555 1425 literis
572 1372 674 1428 recitat.
686 1375 729 1426 De
741 1375 835 1444 quibus
849 1372 946 1427 iterum

230 1447 340 1513 consule
358 1445 503 1499 historiam.

267 1521 324 1572 Lib.
345 1521 390 1582 4⁰.
416 1520 526 1570 Carolus
546 1517 626 1572 nosse
646 1519 782 1588 quieturus
801 1535 849 1587 per
873 1519 948 1574 soma

230 1605 295 1646 num
315 1607 403 1644 rerum
421 1593 560 1660 quamdam
578 1593 724 1648 suturarum
742 1591 886 1661 imaginem
901 1609 947 1644 ac·

230 1665 323 1733 cipit:
343 1664 471 1718 videlicet
493 1663 606 1736 attigisse
631 1663 661 1717 se'
678 1666 784 1733 quidem
799 1665 893 1718 Asricae
912 1666 948 1718 li-

229 1743 309 1805 tora,
328 1738 535 1806 expositumque
555 1737 690 1802 militem,
708 1735 878 1802 seddisjetlis
897 1739 948 1790 ob,-

230 1811 350 1880 rutisque
376 1810 528 1878 tempestate
557 1811 689 1881 navibus,
716 1810 774 1862 sine
797 1827 949 1868 commeatu

232 1885 260 1938 &
279 1883 408 1952 praecluso
429 1883 536 1946 reditu,
553 1884 723 1936 barbarorum
741 1883 826 1935 furori
843 1884 949 1939 aetolis

233 1956 385 2020 obiesium,
402 1955 453 2006 vix
478 1955 592 2024 denique
610 1972 671 2008 curn
696 1955 789 2023 paucis
815 1955 948 2024 evasiffe,

143 2027 156 2032 ’
232 2029 273 2082 uti
287 2045 381 2081 revera
397 2027 455 2095 post
475 2045 560 2080 annos
580 2029 597 2080 6
619 2029 738 2090 Carolo,
755 2027 849 2080 iterata
865 2045 950 2097 expe-

231 2102 334 2154 ditione
358 2101 473 2154 Africam
494 2100 614 2169 petenti,
635 2102 667 2152 ad
686 2100 822 2170 Algeriurn
843 2102 951 2157 accidit.

233 2177 299 2230 llaec
328 2191 410 2243 quum
429 2175 482 2227 suis
506 2171 666 2242 exposuislet
691 2173 831 2237 Ducibus,
855 2175 881 2226 δι
903 2175 952 2230 alii

232 2250 393 2301 manendum
419 2248 525 2300 suadent
546 2286 554 2310 ,
579 2247 625 2299 alii
654 2262 747 2300 contra
772 2247 952 2312 obnituntuts

211 2364 213 2368 ,
231 2321 283 2374 hos
294 2319 475 2388 expeditionis
486 2321 574 2373 socios
585 2319 684 2384 sumit,
701 2320 755 2372 illis
767 2319 869 2386 teiesiis
881 2359 889 2383 ,
901 2322 952 2390 qui

232 2394 312 2447 unius
331 2393 430 2446 somnii
443 2395 659 2447 terriculamento
677 2393 771 2457 deiesii
790 2394 906 2446 fuerunt.

270 2468 329 2520 Lib.
344 2467 387 2531 5⁰.
405 2469 516 2520 Carolus
532 2467 663 2519 descendit
677 2483 737 2520 cum
747 2465 822 2519 classe
831 2483 866 2518 ex
877 2465 952 2518 Pon-

232 2537 324 2592 tificiis
343 2539 435 2602 ausin,
455 2540 623 2610 Calarimque
644 2539 769 2592 Sardinia
792 2541 884 2592 urbem
906 2557 952 2592 re-

153 2625 158 2632 '
233 2613 322 2679 petit,
338 2627 416 2680 atque
432 2613 487 2665 illic
498 2615 578 2666 etiam
596 2611 780 2664 Melitensium
798 2612 889 2664 austus
900 2612 952 2665 tria

234 2685 367 2748 semibus,
380 2685 493 2738 militem
509 2687 535 2738 δι
550 2701 632 2736 naves
649 2685 751 2744 censet,
764 2700 822 2750 quae
838 2684 952 2736 univer-

234 2756 287 2808 sim
297 2758 469 2826 septingentas
480 2797 488 2820 ,
500 2759 666 2815 Germanos,
684 2753 836 2820 Hispanos,
849 2755 950 2818 italos,

233 2825 397 2898 Graecosque
408 2829 628 2896 complefluatut,
640 2825 693 2878 suis
704 2826 751 2876 suh
759 2824 880 2876 Ducibus
886 2825 952 2879 Nas-

232 2902 333 2968 sorio,
358 2903 490 2956 Menum
506 2941 514 2967 ,
537 2899 686 2971 Gonzaga,
711 2895 828 2964 Vanis,
842 2897 926 2954 Auria
941 2937 953 2968 ,
