2072 3672
166 277 438 358 cannen.
471 273 598 360 Lrn.
630 274 724 360 IV.
769 287 855 372 263

102 437 144 490 Ut
153 437 270 515 capiare,
283 437 374 506 capiet
387 434 459 490 reno
470 435 627 490 retineberis
635 453 727 502 unco,
743 431 748 436 ’
827 497 829 500 ,

101 535 135 588 Si
146 535 306 604 deceptrices
317 533 480 588 admorderis
492 549 539 586 ore
549 531 666 604 sagenas.

102 631 173 697 Quae
186 631 266 697 lusit,
277 632 387 701 placidis
399 646 491 700 pacata
500 647 547 700 per
556 647 663 700 aequora
673 628 769 683 ventie

103 726 168 780 Heu
179 727 292 780 nimium
302 726 403 780 confisa
413 727 477 780 ratis
485 765 493 791 ,
502 743 568 779 mox
579 725 660 780 sensit
669 726 788 795 iniquam

73 886 81 906 ἱ
103 824 259 878 Ventorum
270 824 385 888 rabiem,
397 822 548 893 Scyllisque
557 823 700 878 voracibus
708 822 806 887 haesit,

101 920 137 971 Et
147 921 289 990 deplorata
300 919 389 990 rapuit
400 919 459 986 ferd
468 936 541 974 arma
555 919 656 974 salutis.

101 1013 154 1067 Ista
162 1014 302 1084 poetarum
311 1016 371 1070 sunt
380 1015 482 1070 ludicra
494 1034 501 1069 :
511 1013 587 1070 fledie
599 1016 716 1068 carinam

102 1111 129 1162 A
140 1110 255 1181 scopulis
268 1130 275 1167 ι
287 1129 344 1166 nott
354 1111 383 1166 hi
394 1112 481 1166 solunt
492 1109 594 1164 fiuxdre
608 1111 759 1182 Charybdes
771 1149 780 1177 ‚
806 1161 807 1166 ,

104 1207 158 1260 Sed
168 1224 244 1262 vetas
253 1207 339 1262 seedre
351 1207 400 1261 tibi
410 1227 417 1262 ι
428 1221 495 1278 quot
505 1205 622 1260 caterina
631 1206 761 1272 nudant,
824 1269 831 1286 Ι

103 1305 160 1358 Tot
169 1305 270 1376 Scyllas
279 1305 402 1374 pariunt,
409 1304 545 1376 syrtesque
555 1321 585 1358 ac
594 1304 655 1357 saxa
664 1303 829 1373 relinquunt.

105 1403 213 1457 Grande
224 1401 359 1471 pudicitia
368 1405 448 1456 decus
459 1401 511 1466 est,
523 1401 663 1471 omnisque
674 1400 796 1454 verunas

103 1499 157 1552 Hic
166 1483 263 1554 florum
274 1499 387 1552 inferior
398 1498 469 1550 cedit
478 1516 486 1558 3
496 1499 540 1551 sed
548 1498 665 1567 utrisque
675 1498 789 1550 caducae
828 1562 836 1579 ¹

103 1595 207 1648 Vernat
215 1596 320 1658 honos,
329 1594 484 1663 fluxumque
491 1595 560 1648 levis
570 1576 639 1662 rapit
644 1611 707 1648 aura
715 1596 852 1652 decorem·

102 1691 182 1742 Unus
193 1703 249 1742 erat
256 1689 368 1753 iuvenes
379 1689 450 1740 inter
458 1689 603 1756 sapientior
609 1705 706 1742 ornnes

104 1786 269 1849 Misocreus,
281 1801 360 1853 quem
372 1783 448 1836 Musa
460 1798 549 1836 tamen
559 1785 697 1852 deceperat
707 1782 789 1846 illex,

103 1884 178 1936 Dum
190 1880 259 1934 male
271 1881 394 1936 consulto
404 1879 521 1933 versaret
532 1895 623 1934 amore
635 1881 790 1934 Canroenaaa

103 1979 159 2043 Ite,
172 1979 223 2042 ait‚·
235 1977 334 2046 impuri
344 1976 475 2046 petulanti
487 1976 603 2030 carmine
614 1975 695 2042 libri,

104 2077 245 2129 Tartareos
257 2075 372 2128 animate
384 2092 465 2145 rogos
475 2113 483 2140 ,
494 2077 628 2143 talemque
638 2073 758 2128 favillam

104 2169 239 2238 Spargite,
249 2187 307 2238 qua
317 2170 380 2220 diris
391 2169 503 2221 innoxia
511 2172 583 2222 ludat
595 2170 623 2220 in
633 2171 732 2222 umbris
743 2189 755 2222 e

7 2331 8 2334 Ἴ
103 2266 161 2316 Nec
173 2267 289 2332 Superos
297 2264 405 2328 videat,
416 2279 466 2316 nec
476 2263 601 2316 honestos
610 2264 726 2333 pedioris
737 2265 813 2334 ignee

106 2359 209 2412 Obruat
220 2357 281 2429 igue
291 2359 350 2411 suo.
360 2360 419 2412 Vos
430 2397 439 2423 ‚
450 2377 502 2412 vos
514 2361 587 2412 decet
595 2363 647 2413 alta
657 2361 772 2414 tenebris

104 2456 169 2508 Nox
178 2453 302 2508 immersa
311 2453 365 2506 suis
376 2455 470 2518 ‚soedae
480 2487 488 2514 ,
499 2454 557 2507 sine
568 2455 685 2520 lumine,
696 2457 802 2510 charta.

106 2549 161 2616 Qui
170 2548 245 2618 prior.
256 2547 377 2620 indignas
386 2549 415 2602 in
423 2552 510 2602 lucent
520 2550 633 2618 protulit
641 2551 752 2617 audior,

105 2645 211 2716 Dignus
222 2645 301 2698 nodie
313 2645 363 2698 suit
373 2663 382 2706 ·,
391 2646 488 2698 metuit
500 2646 654 2701 succendere
665 2647 805 2714 flammat,

106 2740 190 2810 Queis
199 2743 280 2806 ,bene
286 2741 459 2810 promeritas,
469 2740 538 2796 nale
546 2759 598 2796 vos
608 2743 769 2799 subtraxerat
778 2743 850 2805 autb.

109 2840 267 2910 Cyprigenae
277 2842 370 2909 procul
381 2839 443 2892 hinc
452 2855 541 2908 partus
550 2879 558 2905 ,
566 2841 663 2893 lasciva
673 2844 767 2909 puella

106 2931 191 3002 Lilia,
203 2953 260 3007 qua
272 2936 359 3004 sparse
370 2936 450 2990 tinxit
459 2953 519 2990 eum
529 2937 594 2990 laste
607 2953 733 2992 veneunt
