2086 3652
311 297 597 368 Porsrs.
677 241 679 248 Ι
768 320 816 391 47

142 427 183 482 30.
202 419 267 470 Non
290 416 376 469 minds
398 417 607 480 observandum,
625 413 736 486 Epicurn
761 434 819 470 car·

102 505 185 554 men,
202 491 306 558 quando
325 491 355 542 ab
375 491 466 542 eadem
485 489 614 556 persona,
633 506 689 542 non
714 490 818 543 tannim

104 565 137 614 de
157 561 288 626 diversis,
307 562 417 614 sedutti
441 561 520 614 etiam
547 561 651 616 aclione
673 562 819 628 scribitur,

104 634 164 686 aliis
182 634 290 704 aliisque
305 635 356 688 suis
373 634 504 704 patribus,
527 651 577 702 pto
589 651 679 688 earum
689 635 819 688 varietate

104 709 205 760 cultum
228 707 308 760 etiam
325 709 430 760 vatium
450 707 568 776 poscere.
588 708 674 760 Aliter
698 707 820 760 enimin

104 781 181 831 rebus
201 780 367 844 levioribus,
385 781 461 832 aliter
479 779 507 832 in
529 781 695 849 gravioribus
712 799 720 841 3
741 780 820 834 aliter

103 850 133 903 in
150 853 218 904 latis
229 892 236 917 ‚
247 853 277 905 in
291 853 388 906 moestis
405 852 481 905 aliter
499 871 508 912 ·‚
524 870 572 904 nec
588 855 683 905 eodem
696 851 725 904 iu
743 870 819 906 com·

102 924 218 992 positis,
239 943 293 996 quo
307 927 336 978 in
354 924 511 986 turbulentis
533 927 559 976 &
575 924 710 977 affesiioui
731 927 819 976 obno-

103 996 157 1050 xiis
167 1000 242 1052 rebus
260 1001 341 1050 modo
353 999 535 1050 incedendum.
548 997 722 1064 Voluptatem
734 998 760 1048 ἃ
769 999 820 1048 do·

103 1071 189 1122 lotem
200 1109 208 1135 ,
218 1072 291 1139 spern
302 1073 328 1123 δι
339 1085 439 1122 metum
450 1108 458 1132 ,
468 1069 678 1138 indignationem
694 1067 721 1120 ὅ(
731 1070 820 1138 fugam

104 1142 156 1194 alia
173 1157 251 1213 atque
269 1143 319 1195 alid
335 1157 389 1194 arte
407 1156 559 1208 captamus.
576 1155 661 1209 neque
679 1140 820 1210 quicquam

104 1214 158 1279 est,
176 1219 248 1285 quod
259 1216 297 1268 ita
310 1230 354 1268 aut
374 1213 506 1278 oblesiet,
523 1229 567 1266 aut
586 1212 723 1281 iinpellar,
740 1213 820 1282 quim

104 1289 195 1362 uarius
214 1289 259 1342 iste
278 1288 407 1341 orationis
425 1287 546 1350 habitus,
564 1287 591 1340 δι
610 1287 685 1340 velut
702 1285 821 1352 eiusdem
880 1332 883 1340 .

105 1361 298 1432 oppugnatoris
318 1361 427 1415 diversae
447 1361 598 1414 machinae.‘

141 1441 185 1496 4⁰.
208 1433 407 1488 Observandum
424 1433 461 1486 est
482 1433 633 1486 orationem
653 1431 757 1502 duplici
768 1429 823 1502 poss

103 1505 239 1558 tissimum
272 1506 375 1558 ratione
398 1505 518 1569 extolli,
546 1504 764 1576 magnificamque
791 1522 822 1560 ac

104 1580 232 1648 grandem
253 1576 313 1630 fieri
331 1575 423 1644 polle,
444 1580 475 1628 ιρ
498 1595 545 1644 per
568 1577 712 1630 disiionem
730 1579 820 1631 verbis

104 1647 296 1716 sententiisque
316 1647 456 1716 exquisitis
474 1648 657 1716 amplificatam
675 1668 683 1709 3
703 1651 735 1702 2⁰
751 1649 821 1720 figu-

68 1781 77 1787 .
105 1721 145 1774 ris
163 1719 350 1770 sententiarum
379 1719 540 1780 acrioribus,
562 1737 619 1786 quae
639 1737 686 1786 per
706 1721 822 1774 interro·

104 1792 249 1864 gationes,
267 1789 487 1854 exclamationes,
499 1789 667 1858 apostrophus
679 1830 687 1854 ,
706 1791 822 1860 aliasque

105 1864 292 1920 affectionibus
311 1863 490 1933 exprimendis
507 1863 615 1915 idoneas
627 1861 744 1916 tationes
758 1881 823 1918 exa·

104 1953 230 1996 cuuntur.
242 1936 318 1990 Prior
329 1937 373 1990 illa
391 1938 501 1990 ornandi
516 1933 709 2005 illustrandique
721 1938 824 1990 oratio·

106 2031 170 2067 nem
186 2011 323 2080 disciplina
340 2009 490 2063 mitioribus
507 2007 536 2062 in
550 2011 647 2074 rebus,
664 2009 747 2064 modo
762 2027 823 2080 gra-

106 2087 208 2150 vibus,
230 2083 311 2138 modi)
327 2083 406 2136 etiam
421 2083 567 2136 levioribus
589 2082 692 2151 (quum
710 2084 778 2136 ratio
792 2098 823 2138 ut

105 2153 149 2212 h'ae
161 2173 306 2223 ornentur,
316 2157 449 2225 postulat)
460 2157 574 2213 servicis
585 2155 729 2224 prasertim
740 2174 822 2230 quum

109 2229 176 2286 illud
190 2232 312 2302 agimus,
330 2244 360 2282 ut
375 2229 485 2282 dicendo
509 2229 586 2278 rebus
604 2225 691 2294 aliqua
712 2229 744 2278 ad
761 2246 823 2296 per·

109 2303 260 2366 suasionem
270 2299 383 2372 dignitas
393 2302 506 2353 accedat.
516 2297 671 2366 Philosophi
683 2298 755 2350 enim
764 2317 824 2354 vox

110 2385 164 2450 est,
181 2373 243 2446 rsit
262 2371 336 2445 sista*
346 2376 484 2448 elraxusir
496 2373 519 2432 ir
546 2376 598 2433 reis
616 2375 702 2442 simois
717 2367 823 2448 pigisse

109 2445 248 2512 Diffioiem
275 2455 420 2507 elaboratam
445 2451 489 2518 effe
514 2451 588 2500 decet
612 2449 636 2498 in
660 2449 726 2498 rebus
751 2455 824 2520 magis

111 2532 220 2586 exilibus.
240 2532 278 2582 Ut
296 2525 362 2580 verti
378 2526 457 2578 simul
468 2521 650 2590 intelligeres,
668 2523 773 2588 quando
792 2525 824 2578 ab

110 2617 163 2670 hoc
186 2629 282 2668 ornatu
300 2609 488 2662 remittendum
508 2601 591 2666 effer,
606 2597 734 2666 subiecit,
758 2599 824 2671 psas
871 2654 883 2668 ,

111 2695 217 2757 issatis,
234 2685 506 2763 psrsdtmoamois,
528 2700 576 2734 nou
598 2696 674 2730 tamen
702 2681 726 2730 it
745 2701 824 2736 mora.

111 2770 164 2826 tis,
183 2785 256 2836 neque
285 2766 316 2814 iis
348 2777 395 2829 qua
424 2759 529 2826 sensibus
558 2755 687 2806 abundum.
714 2756 824 2810 Causam

113 2840 183 2894 addit
204 2859 213 2902 ·,
238 2840 300 2908 qnid
323 2833 452 2902 splendida*
480 2830 579 2881 Αἰθίοπι
600 2843 675 2908 mores
701 2827 724 2876 d·
744 2826 825 2895 sensu,

113 2910 273 2981 obscurem.
301 2905 434 2960 Posterior
453 2899 637 2974 exornationis
660 2911 729 2950 rano
755 2914 826 2970 nunc
