<?xml version="1.0" encoding="UTF-8"?>
<!DOCTYPE html PUBLIC "-//W3C//DTD XHTML 1.0 Transitional//EN"
    "http://www.w3.org/TR/xhtml1/DTD/xhtml1-transitional.dtd">
<html xmlns="http://www.w3.org/1999/xhtml" xml:lang="en" lang="en">
 <head>
  <title>
</title>
<meta http-equiv="Content-Type" content="text/html;charset=utf-8" />
  <meta name='ocr-system' content='tesseract 3.04.00' />
  <meta name='ocr-capabilities' content='ocr_page ocr_carea ocr_par ocr_line ocrx_word'/>
</head>
<body>
  <div class='ocr_page' id='page_1' title='image "./sarcotisetcarol00masegoog_0117.png"; bbox 0 0 2086 3652; ppageno 0'>
   <div class='ocr_carea' id='block_1_1' title="bbox 330 274 857 373">
    <p class='ocr_par' dir='ltr' id='par_1_1' title="bbox 330 274 857 373">
     <span class='ocr_line' id='line_1_1' title="bbox 330 274 857 373; baseline -0.009 -27"><span class='ocrx_word' id='word_1_1' title='bbox 330 274 651 347; x_wconf 60' lang='lat' dir='ltr'><strong>:Romarm</strong></span> <span class='ocrx_word' id='word_1_2' title='bbox 804 294 857 373; x_wconf 56' lang='grc' dir='ltr'><strong>«ῃ</strong></span> 
     </span>
    </p>
   </div>
   <div class='ocr_carea' id='block_1_2' title="bbox 123 392 902 2717">
    <p class='ocr_par' dir='ltr' id='par_1_2' title="bbox 123 392 864 1898">
     <span class='ocr_line' id='line_1_2' title="bbox 137 392 860 466; baseline -0.007 -12"><span class='ocrx_word' id='word_1_3' title='bbox 137 395 186 454; x_wconf 68' lang='lat' dir='ltr'><strong>eis</strong></span> <span class='ocrx_word' id='word_1_4' title='bbox 215 393 295 464; x_wconf 72' lang='lat' dir='ltr'><strong>liuius</strong></span> <span class='ocrx_word' id='word_1_5' title='bbox 324 393 468 466; x_wconf 72' lang='lat' dir='ltr'><strong>discipline</strong></span> <span class='ocrx_word' id='word_1_6' title='bbox 498 411 582 465; x_wconf 83' lang='lat' dir='ltr'><strong>capax</strong></span> <span class='ocrx_word' id='word_1_7' title='bbox 603 392 691 450; x_wconf 74' lang='lat' dir='ltr'><strong>videri</strong></span> <span class='ocrx_word' id='word_1_8' title='bbox 723 397 860 466; x_wconf 82' lang='lat' dir='ltr'><strong>poterat)</strong></span> 
     </span>
     <span class='ocr_line' id='line_1_3' title="bbox 123 469 859 539; baseline -0.003 -14"><span class='ocrx_word' id='word_1_9' title='bbox 123 472 342 525; x_wconf 74' lang='lat' dir='ltr'><strong>‘excusationem</strong></span> <span class='ocrx_word' id='word_1_10' title='bbox 364 471 459 524; x_wconf 85' lang='lat' dir='ltr'><strong>habere</strong></span> <span class='ocrx_word' id='word_1_11' title='bbox 482 469 613 522; x_wconf 82' lang='lat' dir='ltr'><strong>uideatur.</strong></span> <span class='ocrx_word' id='word_1_12' title='bbox 630 470 705 521; x_wconf 83' lang='lat' dir='ltr'>Idem</span> <span class='ocrx_word' id='word_1_13' title='bbox 725 469 859 539; x_wconf 82' lang='lat' dir='ltr'><strong>Virgilius</strong></span> 
     </span>
     <span class='ocr_line' id='line_1_4' title="bbox 140 541 860 614; baseline -0.003 -17"><span class='ocrx_word' id='word_1_14' title='bbox 140 561 226 614; x_wconf 81' lang='lat' dir='ltr'><strong>quum</strong></span> <span class='ocrx_word' id='word_1_15' title='bbox 244 545 341 614; x_wconf 78' lang='lat' dir='ltr'><strong>Eeloga</strong></span> <span class='ocrx_word' id='word_1_16' title='bbox 354 543 383 594; x_wconf 78' lang='lat' dir='ltr'><strong>V</strong></span> <span class='ocrx_word' id='word_1_17' title='bbox 401 541 523 596; x_wconf 81' lang='lat' dir='ltr'><strong>Salonini</strong></span> <span class='ocrx_word' id='word_1_18' title='bbox 542 555 657 594; x_wconf 86' lang='lat' dir='ltr'><strong>mortem</strong></span> <span class='ocrx_word' id='word_1_19' title='bbox 675 541 722 594; x_wconf 92' lang='lat' dir='ltr'><strong>sub</strong></span> <span class='ocrx_word' id='word_1_20' title='bbox 736 543 860 610; x_wconf 87' lang='lat' dir='ltr'><strong>Daphni·</strong></span> 
     </span>
     <span class='ocr_line' id='line_1_5' title="bbox 141 613 859 684; baseline -0.003 -15"><span class='ocrx_word' id='word_1_21' title='bbox 141 615 183 669; x_wconf 86' lang='lat' dir='ltr'><strong>dis</strong></span> <span class='ocrx_word' id='word_1_22' title='bbox 203 617 315 684; x_wconf 77' lang='lat' dir='ltr'><strong>persona</strong></span> <span class='ocrx_word' id='word_1_23' title='bbox 333 615 429 679; x_wconf 83' lang='lat' dir='ltr'><strong>deflet,</strong></span> <span class='ocrx_word' id='word_1_24' title='bbox 447 615 544 666; x_wconf 88' lang='lat' dir='ltr'><strong>iterum</strong></span> <span class='ocrx_word' id='word_1_25' title='bbox 567 614 705 667; x_wconf 82' lang='lat' dir='ltr'><strong>nonnullis</strong></span> <span class='ocrx_word' id='word_1_26' title='bbox 723 613 752 665; x_wconf 90' lang='lat' dir='ltr'><strong>in</strong></span> <span class='ocrx_word' id='word_1_27' title='bbox 773 630 859 667; x_wconf 87' lang='lat' dir='ltr'><strong>mate·</strong></span> 
     </span>
     <span class='ocr_line' id='line_1_6' title="bbox 139 685 860 760; baseline -0.003 -18"><span class='ocrx_word' id='word_1_28' title='bbox 139 687 181 742; x_wconf 78' lang='lat' dir='ltr'><strong>cia</strong></span> <span class='ocrx_word' id='word_1_29' title='bbox 192 687 309 759; x_wconf 74' lang='lat' dir='ltr'><strong>grauiori</strong></span> <span class='ocrx_word' id='word_1_30' title='bbox 323 685 441 742; x_wconf 80' lang='lat' dir='ltr'><strong>aberrare</strong></span> <span class='ocrx_word' id='word_1_31' title='bbox 456 687 530 760; x_wconf 77' lang='lat' dir='ltr'><strong>visus</strong></span> <span class='ocrx_word' id='word_1_32' title='bbox 546 687 583 740; x_wconf 83' lang='lat' dir='ltr'><strong>est</strong></span> <span class='ocrx_word' id='word_1_33' title='bbox 594 706 603 746; x_wconf 81' lang='lat'>3</span> <span class='ocrx_word' id='word_1_34' title='bbox 616 688 662 740; x_wconf 91' lang='lat' dir='ltr'><strong>sed</strong></span> <span class='ocrx_word' id='word_1_35' title='bbox 672 687 786 739; x_wconf 89' lang='lat' dir='ltr'><strong>omnino</strong></span> <span class='ocrx_word' id='word_1_36' title='bbox 798 705 860 757; x_wconf 88' lang='lat' dir='ltr'><strong>per·</strong></span> 
     </span>
     <span class='ocr_line' id='line_1_7' title="bbox 140 761 860 830; baseline -0.004 -15"><span class='ocrx_word' id='word_1_37' title='bbox 140 761 242 830; x_wconf 79' lang='lat' dir='ltr'><strong>peram.</strong></span> <span class='ocrx_word' id='word_1_38' title='bbox 253 764 344 829; x_wconf 79' lang='lat' dir='ltr'><strong>Quum</strong></span> <span class='ocrx_word' id='word_1_39' title='bbox 353 762 426 815; x_wconf 86' lang='lat' dir='ltr'><strong>euim</strong></span> <span class='ocrx_word' id='word_1_40' title='bbox 440 761 556 828; x_wconf 82' lang='lat' dir='ltr'><strong>pastores</strong></span> <span class='ocrx_word' id='word_1_41' title='bbox 571 761 720 813; x_wconf 79' lang='lat' dir='ltr'><strong>Menalcam</strong></span> <span class='ocrx_word' id='word_1_42' title='bbox 737 761 763 812; x_wconf 77' lang='grc' dir='ltr'><strong>δι</strong></span> <span class='ocrx_word' id='word_1_43' title='bbox 774 761 860 830; x_wconf 87' lang='lat' dir='ltr'><strong>Mop-</strong></span> 
     </span>
     <span class='ocr_line' id='line_1_8' title="bbox 139 833 859 902; baseline -0.003 -16"><span class='ocrx_word' id='word_1_44' title='bbox 139 835 218 898; x_wconf 86' lang='lat' dir='ltr'><strong>sum,</strong></span> <span class='ocrx_word' id='word_1_45' title='bbox 235 838 310 888; x_wconf 86' lang='lat' dir='ltr'><strong>velut</strong></span> <span class='ocrx_word' id='word_1_46' title='bbox 324 835 356 886; x_wconf 88' lang='lat' dir='ltr'><strong>de</strong></span> <span class='ocrx_word' id='word_1_47' title='bbox 374 833 477 902; x_wconf 83' lang='lat' dir='ltr'><strong>pallore</strong></span> <span class='ocrx_word' id='word_1_48' title='bbox 499 833 791 902; x_wconf 82' lang='lat' dir='ltr'><strong>Daphnide,lugentes</strong></span> <span class='ocrx_word' id='word_1_49' title='bbox 815 833 859 884; x_wconf 90' lang='lat' dir='ltr'><strong>in·</strong></span> 
     </span>
     <span class='ocr_line' id='line_1_9' title="bbox 140 903 861 977; baseline -0.001 -18"><span class='ocrx_word' id='word_1_50' title='bbox 140 908 236 973; x_wconf 79' lang='lat' dir='ltr'><strong>ducat,</strong></span> <span class='ocrx_word' id='word_1_51' title='bbox 249 907 384 977; x_wconf 79' lang='lat' dir='ltr'><strong>fingatque</strong></span> <span class='ocrx_word' id='word_1_52' title='bbox 393 907 532 975; x_wconf 85' lang='lat' dir='ltr'><strong>Nymphas</strong></span> <span class='ocrx_word' id='word_1_53' title='bbox 552 906 670 972; x_wconf 82' lang='lat' dir='ltr'><strong>serasque</strong></span> <span class='ocrx_word' id='word_1_54' title='bbox 690 903 745 969; x_wconf 85' lang='lat' dir='ltr'><strong>ejus</strong></span> <span class='ocrx_word' id='word_1_55' title='bbox 763 905 861 958; x_wconf 86' lang='lat' dir='ltr'><strong>deflere</strong></span> 
     </span>
     <span class='ocr_line' id='line_1_10' title="bbox 140 976 860 1047; baseline -0.006 -15"><span class='ocrx_word' id='word_1_56' title='bbox 140 986 257 1034; x_wconf 83' lang='lat' dir='ltr'><strong>moriem</strong></span> <span class='ocrx_word' id='word_1_57' title='bbox 269 1019 277 1044; x_wconf 92' lang='lat'><strong>,</strong></span> <span class='ocrx_word' id='word_1_58' title='bbox 289 981 407 1047; x_wconf 79' lang='lat' dir='ltr'><strong>squalere</strong></span> <span class='ocrx_word' id='word_1_59' title='bbox 427 992 503 1029; x_wconf 86' lang='lat' dir='ltr'><strong>antea</strong></span> <span class='ocrx_word' id='word_1_60' title='bbox 519 977 645 1028; x_wconf 87' lang='lat' dir='ltr'><strong>florentes</strong></span> <span class='ocrx_word' id='word_1_61' title='bbox 664 993 741 1045; x_wconf 81' lang='lat' dir='ltr'><strong>agros</strong></span> <span class='ocrx_word' id='word_1_62' title='bbox 752 995 760 1036; x_wconf 76' lang='lat'>3</span> <span class='ocrx_word' id='word_1_63' title='bbox 772 976 860 1043; x_wconf 84' lang='lat' dir='ltr'><strong>pallo-</strong></span> 
     </span>
     <span class='ocr_line' id='line_1_11' title="bbox 140 1048 860 1124; baseline -0.013 -16"><span class='ocrx_word' id='word_1_64' title='bbox 140 1068 184 1108; x_wconf 76' lang='lat' dir='ltr'><strong>tes</strong></span> <span class='ocrx_word' id='word_1_65' title='bbox 206 1053 326 1124; x_wconf 75' lang='lat' dir='ltr'><strong>erigere,</strong></span> <span class='ocrx_word' id='word_1_66' title='bbox 347 1049 443 1119; x_wconf 82' lang='lat' dir='ltr'><strong>sparsis</strong></span> <span class='ocrx_word' id='word_1_67' title='bbox 466 1048 598 1110; x_wconf 86' lang='lat' dir='ltr'><strong>floribus,</strong></span> <span class='ocrx_word' id='word_1_68' title='bbox 617 1064 677 1110; x_wconf 69' lang='lat' dir='ltr'><strong>cum</strong></span> <span class='ocrx_word' id='word_1_69' title='bbox 703 1049 794 1116; x_wconf 84' lang='lat' dir='ltr'><strong>elogio</strong></span> <span class='ocrx_word' id='word_1_70' title='bbox 818 1064 860 1100; x_wconf 88' lang='lat' dir='ltr'><strong>tu·</strong></span> 
     </span>
     <span class='ocr_line' id='line_1_12' title="bbox 140 1120 860 1189; baseline -0.007 -11"><span class='ocrx_word' id='word_1_71' title='bbox 140 1127 244 1178; x_wconf 84' lang='lat' dir='ltr'><strong>mulum</strong></span> <span class='ocrx_word' id='word_1_72' title='bbox 256 1125 359 1188; x_wconf 83' lang='lat' dir='ltr'><strong>jubeat,</strong></span> <span class='ocrx_word' id='word_1_73' title='bbox 369 1123 531 1189; x_wconf 87' lang='lat' dir='ltr'><strong>vinumque,</strong></span> <span class='ocrx_word' id='word_1_74' title='bbox 544 1123 649 1184; x_wconf 88' lang='lat' dir='ltr'><strong>oleum,</strong></span> <span class='ocrx_word' id='word_1_75' title='bbox 661 1121 734 1173; x_wconf 88' lang='lat' dir='ltr'><strong>&amp;lac</strong></span> <span class='ocrx_word' id='word_1_76' title='bbox 744 1120 772 1170; x_wconf 88' lang='lat' dir='ltr'><strong>in</strong></span> <span class='ocrx_word' id='word_1_77' title='bbox 782 1120 860 1174; x_wconf 88' lang='lat' dir='ltr'><strong>sacris</strong></span> 
     </span>
     <span class='ocr_line' id='line_1_13' title="bbox 140 1191 860 1266; baseline -0.01 -15"><span class='ocrx_word' id='word_1_78' title='bbox 140 1197 331 1266; x_wconf 78' lang='lat' dir='ltr'><strong>compitalibus</strong></span> <span class='ocrx_word' id='word_1_79' title='bbox 347 1195 445 1247; x_wconf 85' lang='lat' dir='ltr'><strong>deserat</strong></span> <span class='ocrx_word' id='word_1_80' title='bbox 460 1213 468 1246; x_wconf 76' lang='lat' dir='ltr'>z</span> <span class='ocrx_word' id='word_1_81' title='bbox 485 1193 551 1246; x_wconf 82' lang='lat' dir='ltr'><strong>nihil</strong></span> <span class='ocrx_word' id='word_1_82' title='bbox 569 1196 613 1246; x_wconf 86' lang='lat' dir='ltr'><strong>abs</strong></span> <span class='ocrx_word' id='word_1_83' title='bbox 636 1211 663 1246; x_wconf 88' lang='lat' dir='ltr'><strong>re</strong></span> <span class='ocrx_word' id='word_1_84' title='bbox 681 1207 727 1245; x_wconf 90' lang='lat' dir='ltr'><strong>aut</strong></span> <span class='ocrx_word' id='word_1_85' title='bbox 748 1191 860 1256; x_wconf 71' lang='lat' dir='ltr'><strong>fislum,</strong></span> 
     </span>
     <span class='ocr_line' id='line_1_14' title="bbox 142 1265 862 1336; baseline -0.007 -14"><span class='ocrx_word' id='word_1_86' title='bbox 142 1285 189 1322; x_wconf 84' lang='lat' dir='ltr'><strong>aut</strong></span> <span class='ocrx_word' id='word_1_87' title='bbox 207 1270 306 1323; x_wconf 59' lang='lat' dir='ltr'><strong>saelum</strong></span> <span class='ocrx_word' id='word_1_88' title='bbox 316 1268 376 1320; x_wconf 86' lang='lat' dir='ltr'><strong>suit.</strong></span> <span class='ocrx_word' id='word_1_89' title='bbox 390 1268 434 1320; x_wconf 83' lang='lat' dir='ltr'><strong>Sic</strong></span> <span class='ocrx_word' id='word_1_90' title='bbox 448 1268 510 1320; x_wconf 91' lang='lat' dir='ltr'><strong>dum</strong></span> <span class='ocrx_word' id='word_1_91' title='bbox 522 1268 649 1320; x_wconf 88' lang='lat' dir='ltr'><strong>Cornelio</strong></span> <span class='ocrx_word' id='word_1_92' title='bbox 660 1267 741 1321; x_wconf 88' lang='lat' dir='ltr'><strong>Gallo</strong></span> <span class='ocrx_word' id='word_1_93' title='bbox 750 1265 862 1336; x_wconf 81' lang='lat' dir='ltr'><strong>AEgypti</strong></span> 
     </span>
     <span class='ocr_line' id='line_1_15' title="bbox 142 1337 862 1411; baseline -0.008 -15"><span class='ocrx_word' id='word_1_94' title='bbox 142 1341 269 1396; x_wconf 67' lang='lat' dir='ltr'><strong>marceo</strong></span> <span class='ocrx_word' id='word_1_95' title='bbox 284 1343 375 1411; x_wconf 85' lang='lat' dir='ltr'><strong>Eclog.</strong></span> <span class='ocrx_word' id='word_1_96' title='bbox 390 1337 445 1394; x_wconf 63' lang='lat'><strong>10³.</strong></span> <span class='ocrx_word' id='word_1_97' title='bbox 458 1340 568 1410; x_wconf 85' lang='lat' dir='ltr'><strong>pastoris</strong></span> <span class='ocrx_word' id='word_1_98' title='bbox 585 1357 689 1392; x_wconf 88' lang='lat' dir='ltr'><strong>amores</strong></span> <span class='ocrx_word' id='word_1_99' title='bbox 707 1340 862 1409; x_wconf 84' lang='lat' dir='ltr'><strong>personam·</strong></span> 
     </span>
     <span class='ocr_line' id='line_1_16' title="bbox 142 1413 863 1483; baseline -0.003 -17"><span class='ocrx_word' id='word_1_100' title='bbox 142 1431 196 1483; x_wconf 87' lang='lat' dir='ltr'><strong>que</strong></span> <span class='ocrx_word' id='word_1_101' title='bbox 212 1413 326 1478; x_wconf 85' lang='lat' dir='ltr'><strong>tribuit,</strong></span> <span class='ocrx_word' id='word_1_102' title='bbox 344 1414 410 1466; x_wconf 86' lang='lat' dir='ltr'><strong>nihil</strong></span> <span class='ocrx_word' id='word_1_103' title='bbox 430 1413 459 1464; x_wconf 88' lang='lat' dir='ltr'><strong>in</strong></span> <span class='ocrx_word' id='word_1_104' title='bbox 480 1413 558 1478; x_wconf 87' lang='lat' dir='ltr'><strong>hujus</strong></span> <span class='ocrx_word' id='word_1_105' title='bbox 580 1413 703 1466; x_wconf 87' lang='lat' dir='ltr'><strong>carminis</strong></span> <span class='ocrx_word' id='word_1_106' title='bbox 719 1429 863 1476; x_wconf 88' lang='lat' dir='ltr'><strong>naturam,</strong></span> 
     </span>
     <span class='ocr_line' id='line_1_17' title="bbox 142 1484 862 1556; baseline -0.007 -16"><span class='ocrx_word' id='word_1_107' title='bbox 142 1502 281 1556; x_wconf 75' lang='lat' dir='ltr'><strong>artemque</strong></span> <span class='ocrx_word' id='word_1_108' title='bbox 300 1486 432 1554; x_wconf 82' lang='lat' dir='ltr'><strong>peccavit.</strong></span> <span class='ocrx_word' id='word_1_109' title='bbox 451 1487 560 1538; x_wconf 87' lang='lat' dir='ltr'><strong>Servius</strong></span> <span class='ocrx_word' id='word_1_110' title='bbox 578 1485 645 1539; x_wconf 80' lang='lat' dir='ltr'><strong>vers&gt;</strong></span> <span class='ocrx_word' id='word_1_111' title='bbox 667 1487 715 1538; x_wconf 87' lang='lat' dir='ltr'><strong>suo</strong></span> <span class='ocrx_word' id='word_1_112' title='bbox 729 1484 862 1537; x_wconf 87' lang='lat' dir='ltr'><strong>aberravit</strong></span> 
     </span>
     <span class='ocr_line' id='line_1_18' title="bbox 142 1558 862 1628; baseline -0.001 -17"><span class='ocrx_word' id='word_1_113' title='bbox 142 1558 264 1625; x_wconf 75' lang='lat' dir='ltr'><strong>iudicio,</strong></span> <span class='ocrx_word' id='word_1_114' title='bbox 286 1559 390 1626; x_wconf 88' lang='lat' dir='ltr'><strong>quando</strong></span> <span class='ocrx_word' id='word_1_115' title='bbox 408 1559 475 1608; x_wconf 88' lang='lat' dir='ltr'><strong>hauc</strong></span> <span class='ocrx_word' id='word_1_116' title='bbox 490 1560 614 1628; x_wconf 80' lang='lat' dir='ltr'><strong>Eclogam</strong></span> <span class='ocrx_word' id='word_1_117' title='bbox 631 1559 659 1610; x_wconf 92' lang='lat' dir='ltr'><strong>in</strong></span> <span class='ocrx_word' id='word_1_118' title='bbox 673 1558 802 1610; x_wconf 88' lang='lat' dir='ltr'><strong>bucolicis</strong></span> <span class='ocrx_word' id='word_1_119' title='bbox 813 1558 862 1610; x_wconf 87' lang='lat' dir='ltr'><strong>ha·</strong></span> 
     </span>
     <span class='ocr_line' id='line_1_19' title="bbox 143 1629 862 1700; baseline -0.006 -16"><span class='ocrx_word' id='word_1_120' title='bbox 143 1632 257 1684; x_wconf 76' lang='lat' dir='ltr'><strong>bendani</strong></span> <span class='ocrx_word' id='word_1_121' title='bbox 274 1645 330 1681; x_wconf 87' lang='lat' dir='ltr'><strong>non</strong></span> <span class='ocrx_word' id='word_1_122' title='bbox 346 1629 465 1686; x_wconf 89' lang='lat' dir='ltr'><strong>censuit·‚</strong></span> <span class='ocrx_word' id='word_1_123' title='bbox 482 1632 554 1696; x_wconf 89' lang='lat' dir='ltr'><strong>quod</strong></span> <span class='ocrx_word' id='word_1_124' title='bbox 572 1647 657 1700; x_wconf 88' lang='lat' dir='ltr'><strong>neque</strong></span> <span class='ocrx_word' id='word_1_125' title='bbox 677 1633 708 1682; x_wconf 90' lang='lat' dir='ltr'><strong>de</strong></span> <span class='ocrx_word' id='word_1_126' title='bbox 721 1630 862 1693; x_wconf 82' lang='lat' dir='ltr'><strong>Pollione,</strong></span> 
     </span>
     <span class='ocr_line' id='line_1_20' title="bbox 145 1699 864 1769; baseline 0.003 -17"><span class='ocrx_word' id='word_1_127' title='bbox 145 1715 177 1752; x_wconf 88' lang='lat' dir='ltr'><strong>ut</strong></span> <span class='ocrx_word' id='word_1_128' title='bbox 204 1703 264 1752; x_wconf 84' lang='lat' dir='ltr'><strong>vult</strong></span> <span class='ocrx_word' id='word_1_129' title='bbox 281 1700 371 1762; x_wconf 85' lang='lat' dir='ltr'><strong>idem,</strong></span> <span class='ocrx_word' id='word_1_130' title='bbox 394 1699 541 1762; x_wconf 83' lang='lat' dir='ltr'><strong>admisero,</strong></span> <span class='ocrx_word' id='word_1_131' title='bbox 566 1718 600 1754; x_wconf 90' lang='lat' dir='ltr'><strong>eo</strong></span> <span class='ocrx_word' id='word_1_132' title='bbox 621 1700 694 1769; x_wconf 76' lang='lat' dir='ltr'><strong>qudd</strong></span> <span class='ocrx_word' id='word_1_133' title='bbox 717 1719 778 1765; x_wconf 87' lang='lat' dir='ltr'><strong>res,</strong></span> <span class='ocrx_word' id='word_1_134' title='bbox 799 1702 864 1754; x_wconf 81' lang='lat' dir='ltr'><strong>licet</strong></span> 
     </span>
     <span class='ocr_line' id='line_1_21' title="bbox 145 1770 861 1846; baseline -0.003 -21"><span class='ocrx_word' id='word_1_135' title='bbox 145 1789 242 1842; x_wconf 77' lang='lat' dir='ltr'><strong>graves</strong></span> <span class='ocrx_word' id='word_1_136' title='bbox 265 1771 336 1834; x_wconf 88' lang='lat' dir='ltr'><strong>sint,</strong></span> <span class='ocrx_word' id='word_1_137' title='bbox 361 1770 611 1839; x_wconf 86' lang='lat' dir='ltr'><strong>pastoritio.tamen</strong></span> <span class='ocrx_word' id='word_1_138' title='bbox 635 1773 755 1828; x_wconf 85' lang='lat' dir='ltr'><strong>sermone</strong></span> <span class='ocrx_word' id='word_1_139' title='bbox 776 1789 861 1846; x_wconf 83' lang='lat' dir='ltr'><strong>expo·-</strong></span> 
     </span>
     <span class='ocr_line' id='line_1_22' title="bbox 145 1860 252 1898; baseline 0 0"><span class='ocrx_word' id='word_1_140' title='bbox 145 1860 252 1898; x_wconf 79' lang='lat' dir='ltr'><strong>uantur.</strong></span> 
     </span>
    </p>

    <p class='ocr_par' dir='ltr' id='par_1_3' title="bbox 145 1909 902 2280">
     <span class='ocr_line' id='line_1_23' title="bbox 183 1909 902 1986; baseline -0.006 -12"><span class='ocrx_word' id='word_1_141' title='bbox 183 1918 293 1974; x_wconf 85' lang='lat' dir='ltr'><strong>Placent</strong></span> <span class='ocrx_word' id='word_1_142' title='bbox 310 1915 443 1986; x_wconf 85' lang='lat' dir='ltr'><strong>imprimis</strong></span> <span class='ocrx_word' id='word_1_143' title='bbox 468 1915 498 1968; x_wconf 90' lang='lat' dir='ltr'><strong>in</strong></span> <span class='ocrx_word' id='word_1_144' title='bbox 518 1917 570 1970; x_wconf 89' lang='lat' dir='ltr'><strong>hoc</strong></span> <span class='ocrx_word' id='word_1_145' title='bbox 592 1915 706 1970; x_wconf 87' lang='lat' dir='ltr'><strong>carmine</strong></span> <span class='ocrx_word' id='word_1_146' title='bbox 730 1916 863 1985; x_wconf 74' lang='lat' dir='ltr'><strong>allegoria</strong></span> <span class='ocrx_word' id='word_1_147' title='bbox 900 1909 902 1914; x_wconf 71' lang='grc'><strong>’</strong></span> 
     </span>
     <span class='ocr_line' id='line_1_24' title="bbox 145 1989 867 2062; baseline -0.006 -15"><span class='ocrx_word' id='word_1_148' title='bbox 145 2009 182 2048; x_wconf 86' lang='lat' dir='ltr'><strong>ex</strong></span> <span class='ocrx_word' id='word_1_149' title='bbox 200 1991 343 2062; x_wconf 71' lang='lat' dir='ltr'><strong>agrestibus</strong></span> <span class='ocrx_word' id='word_1_150' title='bbox 362 1992 439 2044; x_wconf 85' lang='lat' dir='ltr'><strong>rebus</strong></span> <span class='ocrx_word' id='word_1_151' title='bbox 456 1989 548 2044; x_wconf 68' lang='lat' dir='ltr'><strong>duliae.</strong></span> <span class='ocrx_word' id='word_1_152' title='bbox 571 1990 658 2043; x_wconf 86' lang='lat' dir='ltr'><strong>Placet</strong></span> <span class='ocrx_word' id='word_1_153' title='bbox 672 1990 752 2043; x_wconf 85' lang='lat' dir='ltr'><strong>etiam</strong></span> <span class='ocrx_word' id='word_1_154' title='bbox 772 2005 867 2043; x_wconf 84' lang='lat' dir='ltr'><strong>cantus</strong></span> 
     </span>
     <span class='ocr_line' id='line_1_25' title="bbox 146 2059 864 2134; baseline -0.006 -16"><span class='ocrx_word' id='word_1_155' title='bbox 146 2067 179 2118; x_wconf 84' lang='lat' dir='ltr'><strong>ad</strong></span> <span class='ocrx_word' id='word_1_156' title='bbox 196 2082 293 2134; x_wconf 87' lang='lat' dir='ltr'><strong>pecora</strong></span> <span class='ocrx_word' id='word_1_157' title='bbox 313 2059 404 2118; x_wconf 74' lang='lat' dir='ltr'><strong>versus</strong></span> <span class='ocrx_word' id='word_1_158' title='bbox 415 2103 425 2129; x_wconf 94' lang='lat'><strong>,</strong></span> <span class='ocrx_word' id='word_1_159' title='bbox 438 2081 493 2132; x_wconf 89' lang='lat' dir='ltr'><strong>quo</strong></span> <span class='ocrx_word' id='word_1_160' title='bbox 510 2067 542 2116; x_wconf 91' lang='lat' dir='ltr'><strong>ad</strong></span> <span class='ocrx_word' id='word_1_161' title='bbox 558 2067 628 2116; x_wconf 87' lang='lat' dir='ltr'><strong>lauta</strong></span> <span class='ocrx_word' id='word_1_162' title='bbox 647 2064 795 2118; x_wconf 86' lang='lat' dir='ltr'><strong>invitantur</strong></span> <span class='ocrx_word' id='word_1_163' title='bbox 805 2063 864 2134; x_wconf 84' lang='lat' dir='ltr'><strong>pas·</strong></span> 
     </span>
     <span class='ocr_line' id='line_1_26' title="bbox 146 2137 866 2208; baseline -0.007 -16"><span class='ocrx_word' id='word_1_164' title='bbox 146 2155 214 2202; x_wconf 79' lang='lat' dir='ltr'><strong>cua,</strong></span> <span class='ocrx_word' id='word_1_165' title='bbox 231 2141 264 2192; x_wconf 84' lang='lat' dir='ltr'><strong>ad</strong></span> <span class='ocrx_word' id='word_1_166' title='bbox 282 2139 361 2191; x_wconf 88' lang='lat' dir='ltr'><strong>saltus</strong></span> <span class='ocrx_word' id='word_1_167' title='bbox 379 2138 537 2206; x_wconf 85' lang='lat' dir='ltr'><strong>sontesque,</strong></span> <span class='ocrx_word' id='word_1_168' title='bbox 554 2155 661 2208; x_wconf 90' lang='lat' dir='ltr'><strong>quoque</strong></span> <span class='ocrx_word' id='word_1_169' title='bbox 678 2137 799 2190; x_wconf 86' lang='lat' dir='ltr'><strong>laudatur</strong></span> <span class='ocrx_word' id='word_1_170' title='bbox 815 2153 866 2195; x_wconf 85' lang='lat' dir='ltr'><strong>eo·</strong></span> 
     </span>
     <span class='ocr_line' id='line_1_27' title="bbox 146 2211 744 2280; baseline -0.01 -15"><span class='ocrx_word' id='word_1_171' title='bbox 146 2227 206 2264; x_wconf 83' lang='lat' dir='ltr'><strong>rum</strong></span> <span class='ocrx_word' id='word_1_172' title='bbox 224 2211 367 2274; x_wconf 85' lang='lat' dir='ltr'><strong>fertilitas,</strong></span> <span class='ocrx_word' id='word_1_173' title='bbox 385 2212 482 2273; x_wconf 88' lang='lat' dir='ltr'><strong>ubera,</strong></span> <span class='ocrx_word' id='word_1_174' title='bbox 500 2213 582 2272; x_wconf 76' lang='lat' dir='ltr'><strong>lanae,</strong></span> <span class='ocrx_word' id='word_1_175' title='bbox 600 2211 744 2280; x_wconf 84' lang='lat' dir='ltr'><strong>foetusque.</strong></span> 
     </span>
    </p>

    <p class='ocr_par' dir='ltr' id='par_1_4' title="bbox 145 2282 870 2717">
     <span class='ocr_line' id='line_1_28' title="bbox 184 2282 866 2355; baseline -0.015 -17"><span class='ocrx_word' id='word_1_176' title='bbox 184 2286 279 2355; x_wconf 83' lang='lat' dir='ltr'><strong>Satyra</strong></span> <span class='ocrx_word' id='word_1_177' title='bbox 296 2299 394 2354; x_wconf 88' lang='lat' dir='ltr'><strong>poema</strong></span> <span class='ocrx_word' id='word_1_178' title='bbox 407 2282 463 2346; x_wconf 86' lang='lat' dir='ltr'><strong>est,</strong></span> <span class='ocrx_word' id='word_1_179' title='bbox 482 2284 555 2350; x_wconf 91' lang='lat' dir='ltr'><strong>quod</strong></span> <span class='ocrx_word' id='word_1_180' title='bbox 574 2283 674 2333; x_wconf 73' lang='lat' dir='ltr'><strong>adiuuet</strong></span> <span class='ocrx_word' id='word_1_181' title='bbox 698 2285 807 2331; x_wconf 72' lang='lat' dir='ltr'><strong>lunam</strong></span> <span class='ocrx_word' id='word_1_182' title='bbox 827 2297 866 2329; x_wconf 76' lang='lat' dir='ltr'><strong>ro·</strong></span> 
     </span>
     <span class='ocr_line' id='line_1_29' title="bbox 145 2351 868 2429; baseline -0.011 -19"><span class='ocrx_word' id='word_1_183' title='bbox 145 2359 293 2429; x_wconf 62' lang='lat' dir='ltr'><strong>prestenfioni</strong></span> <span class='ocrx_word' id='word_1_184' title='bbox 318 2351 454 2414; x_wconf 71' lang='lat' dir='ltr'><strong>obnoxias,</strong></span> <span class='ocrx_word' id='word_1_185' title='bbox 475 2351 542 2422; x_wconf 74' lang='lat' dir='ltr'><strong>salso</strong></span> <span class='ocrx_word' id='word_1_186' title='bbox 566 2355 689 2422; x_wconf 80' lang='lat' dir='ltr'><strong>lepidoque</strong></span> <span class='ocrx_word' id='word_1_187' title='bbox 716 2353 808 2403; x_wconf 81' lang='lat' dir='ltr'><strong>dicendi</strong></span> <span class='ocrx_word' id='word_1_188' title='bbox 825 2369 868 2422; x_wconf 76' lang='lat' dir='ltr'><strong>gc·</strong></span> 
     </span>
     <span class='ocr_line' id='line_1_30' title="bbox 148 2425 868 2496; baseline -0.013 -12"><span class='ocrx_word' id='word_1_189' title='bbox 148 2449 204 2484; x_wconf 83' lang='lat' dir='ltr'><strong>nere</strong></span> <span class='ocrx_word' id='word_1_190' title='bbox 221 2435 252 2482; x_wconf 82' lang='lat' dir='ltr'><strong>ad</strong></span> <span class='ocrx_word' id='word_1_191' title='bbox 266 2447 341 2482; x_wconf 81' lang='lat' dir='ltr'><strong>mores</strong></span> <span class='ocrx_word' id='word_1_192' title='bbox 359 2430 514 2481; x_wconf 79' lang='lat' dir='ltr'><strong>emendandos</strong></span> <span class='ocrx_word' id='word_1_193' title='bbox 536 2427 680 2496; x_wconf 76' lang='lat' dir='ltr'><strong>perstringit.</strong></span> <span class='ocrx_word' id='word_1_194' title='bbox 698 2425 794 2476; x_wconf 84' lang='lat' dir='ltr'><strong>lambis</strong></span> <span class='ocrx_word' id='word_1_195' title='bbox 809 2426 868 2485; x_wconf 78' lang='lat' dir='ltr'><strong>haec</strong></span> 
     </span>
     <span class='ocr_line' id='line_1_31' title="bbox 146 2496 866 2571; baseline -0.018 -10"><span class='ocrx_word' id='word_1_196' title='bbox 146 2503 216 2562; x_wconf 84' lang='lat' dir='ltr'><strong>olim</strong></span> <span class='ocrx_word' id='word_1_197' title='bbox 232 2504 328 2571; x_wconf 83' lang='lat' dir='ltr'><strong>scripta</strong></span> <span class='ocrx_word' id='word_1_198' title='bbox 345 2505 435 2556; x_wconf 88' lang='lat' dir='ltr'><strong>locum</strong></span> <span class='ocrx_word' id='word_1_199' title='bbox 451 2502 522 2554; x_wconf 88' lang='lat' dir='ltr'><strong>inter</strong></span> <span class='ocrx_word' id='word_1_200' title='bbox 531 2501 648 2554; x_wconf 87' lang='lat' dir='ltr'><strong>dramata</strong></span> <span class='ocrx_word' id='word_1_201' title='bbox 664 2497 751 2550; x_wconf 89' lang='lat' dir='ltr'><strong>tenuit</strong></span> <span class='ocrx_word' id='word_1_202' title='bbox 767 2515 773 2548; x_wconf 91' lang='lat'><strong>:</strong></span> <span class='ocrx_word' id='word_1_203' title='bbox 790 2496 866 2564; x_wconf 87' lang='lat' dir='ltr'><strong>prin·</strong></span> 
     </span>
     <span class='ocr_line' id='line_1_32' title="bbox 147 2569 870 2646; baseline -0.011 -16"><span class='ocrx_word' id='word_1_204' title='bbox 147 2573 224 2646; x_wconf 82' lang='lat' dir='ltr'><strong>cipio</strong></span> <span class='ocrx_word' id='word_1_205' title='bbox 241 2577 270 2629; x_wconf 90' lang='lat' dir='ltr'><strong>in</strong></span> <span class='ocrx_word' id='word_1_206' title='bbox 285 2575 452 2646; x_wconf 79' lang='lat' dir='ltr'><strong>Tragoedia,</strong></span> <span class='ocrx_word' id='word_1_207' title='bbox 474 2575 566 2627; x_wconf 89' lang='lat' dir='ltr'><strong>deinde</strong></span> <span class='ocrx_word' id='word_1_208' title='bbox 584 2573 613 2626; x_wconf 90' lang='lat' dir='ltr'><strong>in</strong></span> <span class='ocrx_word' id='word_1_209' title='bbox 634 2569 797 2633; x_wconf 83' lang='lat' dir='ltr'><strong>Comoedia,</strong></span> <span class='ocrx_word' id='word_1_210' title='bbox 815 2571 870 2638; x_wconf 79' lang='lat' dir='ltr'><strong>pro·</strong></span> 
     </span>
     <span class='ocr_line' id='line_1_33' title="bbox 148 2639 867 2717; baseline -0.013 -14"><span class='ocrx_word' id='word_1_211' title='bbox 148 2646 257 2704; x_wconf 82' lang='lat' dir='ltr'><strong>sublatis</strong></span> <span class='ocrx_word' id='word_1_212' title='bbox 269 2649 329 2701; x_wconf 90' lang='lat' dir='ltr'><strong>inde</strong></span> <span class='ocrx_word' id='word_1_213' title='bbox 340 2649 429 2700; x_wconf 86' lang='lat' dir='ltr'><strong>choris</strong></span> <span class='ocrx_word' id='word_1_214' title='bbox 446 2649 588 2717; x_wconf 69' lang='lat' dir='ltr'><strong>usurpata,</strong></span> <span class='ocrx_word' id='word_1_215' title='bbox 606 2648 650 2700; x_wconf 88' lang='lat' dir='ltr'><strong>sed</strong></span> <span class='ocrx_word' id='word_1_216' title='bbox 663 2647 689 2700; x_wconf 82' lang='lat'>&amp;</span> <span class='ocrx_word' id='word_1_217' title='bbox 700 2642 765 2696; x_wconf 91' lang='lat' dir='ltr'><strong>hinc&#39;</strong></span> <span class='ocrx_word' id='word_1_218' title='bbox 776 2639 867 2710; x_wconf 82' lang='lat' dir='ltr'><strong>postea</strong></span> 
     </span>
    </p>
   </div>
   <div class='ocr_carea' id='block_1_3' title="bbox 70 2718 871 2786">
    <p class='ocr_par' dir='ltr' id='par_1_5' title="bbox 70 2718 871 2786">
     <span class='ocr_line' id='line_1_34' title="bbox 70 2718 871 2786; baseline -0.015 -8"><span class='ocrx_word' id='word_1_219' title='bbox 70 2721 76 2734; x_wconf 68' lang='grc'><strong>“</strong></span> <span class='ocrx_word' id='word_1_220' title='bbox 150 2724 186 2776; x_wconf 83' lang='lat' dir='ltr'><strong>ob</strong></span> <span class='ocrx_word' id='word_1_221' title='bbox 205 2723 370 2776; x_wconf 85' lang='lat' dir='ltr'><strong>dicacitatem</strong></span> <span class='ocrx_word' id='word_1_222' title='bbox 387 2721 513 2786; x_wconf 86' lang='lat' dir='ltr'><strong>elimata,</strong></span> <span class='ocrx_word' id='word_1_223' title='bbox 528 2741 543 2774; x_wconf 83' lang='lat' dir='ltr'><strong>a</strong></span> <span class='ocrx_word' id='word_1_224' title='bbox 562 2719 665 2773; x_wconf 88' lang='lat' dir='ltr'><strong>Lucilio</strong></span> <span class='ocrx_word' id='word_1_225' title='bbox 681 2719 713 2771; x_wconf 87' lang='lat' dir='ltr'><strong>ad</strong></span> <span class='ocrx_word' id='word_1_226' title='bbox 728 2718 871 2769; x_wconf 83' lang='lat' dir='ltr'><strong>Romanos</strong></span> 
     </span>
    </p>
   </div>
   <div class='ocr_carea' id='block_1_4' title="bbox 150 2789 873 2932">
    <p class='ocr_par' dir='ltr' id='par_1_6' title="bbox 150 2789 873 2932">
     <span class='ocr_line' id='line_1_35' title="bbox 150 2789 872 2864; baseline -0.017 -15"><span class='ocrx_word' id='word_1_227' title='bbox 150 2795 238 2864; x_wconf 75' lang='lat' dir='ltr'><strong>Epicu</strong></span> <span class='ocrx_word' id='word_1_228' title='bbox 251 2795 356 2857; x_wconf 79' lang='lat' dir='ltr'><strong>versu,</strong></span> <span class='ocrx_word' id='word_1_229' title='bbox 376 2811 450 2848; x_wconf 88' lang='lat' dir='ltr'><strong>extra</strong></span> <span class='ocrx_word' id='word_1_230' title='bbox 470 2795 594 2859; x_wconf 79' lang='lat' dir='ltr'><strong>scenam,</strong></span> <span class='ocrx_word' id='word_1_231' title='bbox 609 2790 734 2846; x_wconf 84' lang='lat' dir='ltr'><strong>celebrati</strong></span> <span class='ocrx_word' id='word_1_232' title='bbox 755 2789 840 2859; x_wconf 79' lang='lat' dir='ltr'><strong>coepit</strong></span> <span class='ocrx_word' id='word_1_233' title='bbox 857 2801 872 2846; x_wconf 66' lang='grc' dir='ltr'>ς</span> 
     </span>
     <span class='ocr_line' id='line_1_36' title="bbox 150 2862 873 2932; baseline -0.015 -10"><span class='ocrx_word' id='word_1_234' title='bbox 150 2869 186 2922; x_wconf 73' lang='lat' dir='ltr'><strong>ab</strong></span> <span class='ocrx_word' id='word_1_235' title='bbox 203 2868 340 2930; x_wconf 74' lang='lat' dir='ltr'><strong>Horatio,</strong></span> <span class='ocrx_word' id='word_1_236' title='bbox 359 2868 509 2932; x_wconf 78' lang='lat' dir='ltr'><strong>Iuvenale,</strong></span> <span class='ocrx_word' id='word_1_237' title='bbox 522 2868 549 2920; x_wconf 89' lang='lat'>&amp;</span> <span class='ocrx_word' id='word_1_238' title='bbox 565 2867 659 2920; x_wconf 84' lang='lat' dir='ltr'><strong>Persio</strong></span> <span class='ocrx_word' id='word_1_239' title='bbox 678 2862 796 2930; x_wconf 67' lang='lat' dir='ltr'><strong>dextimae</strong></span> <span class='ocrx_word' id='word_1_240' title='bbox 811 2875 873 2912; x_wconf 76' lang='lat' dir='ltr'><strong>uua·</strong></span> 
     </span>
    </p>
   </div>
   <div class='ocr_carea' id='block_1_5' title="bbox 654 2935 726 3001">
    <p class='ocr_par' dir='ltr' id='par_1_7' title="bbox 654 2935 726 3001">
     <span class='ocr_line' id='line_1_37' title="bbox 654 2935 726 3001; baseline -0.014 1"><span class='ocrx_word' id='word_1_241' title='bbox 654 2935 726 3001; x_wconf 63' lang='lat' dir='ltr'><strong>evj</strong></span> 
     </span>
    </p>
   </div>
   <div class='ocr_carea' id='block_1_6' title="bbox 0 0 1065 3652">
    <p class='ocr_par' dir='ltr' id='par_1_8' title="bbox 0 0 1065 3652">
     <span class='ocr_line' id='line_1_38' title="bbox 0 0 1065 3652; baseline 0 0"><span class='ocrx_word' id='word_1_242' title='bbox 0 0 1065 3652; x_wconf 95' lang='lat' dir='ltr'><strong> </strong></span> 
     </span>
    </p>
   </div>
  </div>
 </body>
</html>
