2086 3652
279 305 567 408 sorsin
739 332 792 380 m

70 423 110 478 rei
123 443 216 490 verae,
235 426 293 480 sive
311 429 467 482 verisimilis
485 427 621 490 fistionis,
641 425 692 482 erit
709 430 785 484 indu·

71 501 161 550 cenda.
178 501 242 552 Haec
256 516 348 552 autent
358 501 491 564 varietas,
508 501 532 552 si
546 501 725 569 perplexitate
741 521 784 556 te-

70 589 129 622 rum
146 572 173 623 bc
189 571 333 640 inopinatis
349 574 528 643 successibus,
546 589 590 626 aut
604 573 706 626 casibus
723 592 785 642 pcr-

70 643 177 696 misceri
192 662 286 713 queat,
303 646 388 698 multb
401 646 452 698 erit
465 648 497 698 ad
511 663 619 699 omnem
630 647 712 699 animi
723 665 785 700 mo·

70 729 127 766 tum
137 719 369 772 accommodatior.
387 720 447 770 Hoc
457 734 562 784 autem,
575 735 605 771 ut
620 719 682 772 alibi
697 722 784 773 trade·

70 805 145 852 mus,
162 790 233 842 varii
247 791 293 842 fiet
304 793 474 860 personarum
485 793 666 860 sudorumque
678 809 708 844 ac
719 809 787 845 con·

70 859 190 914 siliorurn
206 865 398 930 oppositione,
415 882 474 933 quae
489 864 580 916 mutud
596 867 705 933 quadam
721 883 783 918 con·

72 934 188 986 nexione
207 935 242 987 ira
255 937 380 1000 trahitur,
399 952 428 988 ut
446 937 607 1005 improvisus
624 953 693 990 unus
708 939 783 990 casus

69 1005 150 1058 alium
168 1011 285 1062 nondum
307 1009 476 1062 terminatum
495 1024 540 1060 aut
557 1009 717 1075 abrumpat,
738 1024 784 1060 aut

69 1077 174 1132 linitum
190 1082 316 1149 excipiat.
333 1082 386 1132 Res
404 1080 498 1132 claritis
517 1081 547 1132 in
564 1083 690 1147 exemplo
708 1083 784 1132 luce-

69 1153 116 1204 bit.
135 1154 273 1220 Cresphon
290 1152 483 1205 Messeniorum
499 1152 581 1222 Regis
601 1151 690 1216 filius,
709 1152 783 1221 posi-

70 1242 148 1292 quam
167 1228 279 1278 aemulus
294 1226 438 1294 Polyphon
452 1241 553 1293 patrem
569 1225 712 1294 fratresque
727 1226 784 1278 sus·

69 1295 186 1360 tulisset,
207 1299 262 1367 ipse
281 1299 397 1352 consilio
409 1300 529 1368 Merope
551 1299 642 1352 matris
664 1299 731 1350 clam
751 1299 782 1352 in

68 1367 197 1422 AEtoliam
216 1371 311 1425 evasit.
330 1369 473 1441 Polypho'n
493 1371 579 1432 verb,
600 1387 630 1424 ut
649 1389 710 1424 eum
730 1375 781 1425 tol·

68 1445 154 1506 leret,
170 1445 287 1496 occisori
302 1445 387 1498 cuivis
403 1445 520 1513 ingentia
534 1444 675 1513 pollicetur
691 1462 782 1497 mune-

68 1533 106 1568 ra.
125 1517 262 1583 Cresphon
273 1533 361 1568 tamen
374 1518 510 1579 servatus,
529 1517 633 1586 jamque
651 1517 781 1582 adultior,

68 1603 99 1640 ut
114 1589 141 1640 se
156 1589 268 1656 suosque
281 1589 460 1650 ulcisceretur,
477 1589 537 1640 ficia
547 1589 658 1656 persons
671 1592 780 1642 domurn

68 1659 232 1722 revertitur,
251 1661 329 1727 seque
345 1663 413 1728 apud
421 1661 619 1728 Polyphontem
629 1663 781 1728 Cresphon-

68 1733 106 1783 tis
125 1730 272 1782 occisorem
291 1730 431 1798 profitetur
448 1749 456 1790 3
474 1748 528 1798 quo
548 1732 657 1783 nomine
672 1747 726 1784 tam
742 1733 783 1786 illi

69 1818 178 1873 gratus,
198 1802 276 1872 quaint
294 1803 394 1856 invisus
411 1805 536 1873 Merope
550 1803 644 1861 matri,
664 1819 721 1872 quae
741 1805 782 1856 id·

69 1877 146 1930 circo
163 1876 304 1928 occasione
316 1876 443 1945 quaesiti,
461 1876 556 1928 somno
577 1876 606 1928 in
615 1876 697 1946 Regia
713 1877 784 1946 sopi-

69 1967 128 2002 tum
143 1950 306 2019 aggreditur,
320 1967 349 2002 ac
361 1950 462 2002 tantlrnt
476 1967 532 2002 non
544 1948 683 2002 interimit.
698 1949 782 2019 Agni-

69 2039 113 2075 tus
130 2025 203 2076 euim
223 2040 238 2074 a
257 2022 361 2092 flagitio
383 2023 549 2092 ignorantem
567 2038 676 2075 matrem
699 2039 781 2076 retra·

69 2095 133 2159 xit,
148 2112 178 2148 ac
196 2096 363 2164 Poliphontis
381 2098 482 2150 vindex
498 2096 639 2164 matrisque
658 2096 687 2148 in
702 2096 782 2148 liber·

70 2184 153 2220 tatem
169 2167 296 2234 assertor,
317 2167 417 2222 hostem
433 2184 575 2237 tyrannum
594 2168 703 2222 sustulit.
717 2171 781 2222 Hae

70 2243 117 2294 seu
138 2258 219 2306 vera,
240 2243 285 2294 seu
301 2241 456 2294 verisimilis
473 2241 561 2303 asilo,
581 2240 679 2308 quanti
699 2242 783 2294 varie·

70 2329 125 2366 tate
144 2331 266 2384 nexuque
287 2332 316 2367 ac
337 2312 512 2382 perplexitate
532 2311 638 2364 casuum
659 2311 781 2366 ducitur!

50 2386 119 2454 'qui
140 2404 175 2440 ex
196 2389 251 2440 sola
270 2387 400 2440 fastorum
421 2385 647 2450 consiliorumque
669 2385 781 2452 opposi-

70 2460 146 2514 tione
162 2462 367 2528 consequuntur.
384 2459 509 2526 Expende
523 2457 658 2524 singulos,
674 2457 700 2506 &
714 2458 783 2508 haud

70 2532 180 2599 gravate
203 2533 303 2586 similes
326 2531 451 2600 ringendo
472 2527 621 2596 affequsris.
649 2528 727 2578 Maro
752 2542 783 2580 ut

71 2605 152 2668 suum,
163 2607 271 2658 heroem
287 2623 322 2658 ex
339 2603 429 2656 Sicilia
450 2603 479 2656 in
495 2601 596 2654 ltaliam
619 2602 782 2667 traduceret,

71 2693 182 2746 quantas
192 2680 220 2732 in
232 2694 285 2732 tam
294 2677 369 2730 brevi
379 2677 549 2746 navigatione
558 2691 646 2726 moras
658 2673 783 2742 casusque

71 2751 168 2802 nexuit
187 2755 193 2804 Ξ
210 2752 252 2804 1⁹.
270 2753 309 2804 Ab
321 2751 397 2804 Italia
413 2747 565 2818 tempestate
582 2747 613 2800 ad
628 2747 782 2816 oppositum

71 2823 168 2876 Africae
180 2824 254 2876 littus
268 2823 394 2887 rejicitur.
409 2825 451 2876 20.
468 2823 519 2874 Hic
537 2819 783 2886 consiliumpeten·

71 2896 99 2952 di
118 2896 220 2949 ltaliam
237 2897 343 2965 prprsus
359 2895 491 2961 abjicere,
509 2911 539 2948 ac
556 2895 588 2946 de
603 2891 703 2961 nuptiis
720 2907 780 2948 cum
