2086 3652
194 253 252 328 ’ὼ
397 251 730 324 Hunorca

200 372 224 424 Si
233 369 344 438 quitetat
353 369 433 438 dignus
443 371 553 428 describi.
563 370 627 438 qudd
638 371 726 432 malus,
737 369 838 438 autlur,
924 400 927 416 ι

199 458 441 520 Autnrechnsloret,
454 458 755 526 autricariusmutalioqui
779 482 782 489 ι

198 547 322 611 Famulus,
333 545 403 598 multi
413 561 466 599 cunr
478 545 584 599 libertate
594 545 714 600 notabant.

199 633 261 688 ilinc
271 625 345 688 omnis
356 633 441 700 pendet
451 631 591 687 lucilius...

236 737 301 787 Hoc
324 733 418 802 posito
437 731 673 796 controversiam,
695 747 754 800 qua
777 729 855 784 iric
847 745 923 786 mter

199 806 376 887 gravissimos
393 805 532 858 intercedit
549 819 670 868 autores,
685 808 717 856 de
734 804 803 872 stylo
814 821 843 856 ac
854 807 916 858 cha·

199 879 299 934 rastere
311 877 389 941 huius
404 877 534 931 orationis
542 894 644 945 ,quum
654 843 860 940 ailiiJuveualis,
869 878 919 932 alii

200 952 308 1004 Horatii
326 951 471 1004 distionem
484 951 671 1018 praeferendam
686 950 811 1013 censent,
828 949 866 1002 ita
877 951 918 1002 fa
971 1013 974 1022 Ι

200 1024 251 1078 ctle
261 1025 446 1089 absolvemus
457 1038 486 1076 ut
494 1023 635 1074 statuamus
645 1039 809 1090 praeclpuas
819 1021 918 1076 utrius

201 1114 254 1166 que
272 1097 301 1150 lo
318 1099 371 1150 hoc
385 1114 482 1168 genere
501 1094 629 1148 scribendi
644 1096 759 1147 virtutes
773 1111 823 1162 pro
838 1112 918 1164 argu·

201 1171 286 1222 menti
301 1170 428 1222 tradendi
443 1167 599 1220 necessitate
617 1167 696 1220 simul
715 1184 746 1219 ac
761 1167 918 1232 varietate,

200 1243 301 1295 relitiis
319 1242 433 1306 ceteris,
451 1240 636 1294 consectandas
654 1238 715 1294 effe.
732 1241 826 1308 Neque
843 1240 918 1294 etaim

200 1313 367 1368 mordacium
387 1315 540 1366 facetiarum
562 1313 716 1365 continuata
741 1327 820 1382 atque
843 1329 919 1366 acer·

200 1400 265 1439 vata
280 1387 360 1440 series
377 1389 481 1454 placere
497 1385 543 1438 diu
560 1385 661 1452 poterit
672 1423 682 1448 ‚,
698 1399 728 1436 ut
745 1385 858 1452 proinde
872 1386 919 1438 in·

200 1459 317 1524 veiiivae
334 1459 468 1528 magisque
484 1459 557 1510 seriae
573 1458 793 1525 reprehensiones
810 1458 917 1514 misceri

200 1531 326 1600 apposite
331 1547 456 1616 queant,
469 1530 527 1584 illic
541 1530 702 1598 prasertim,
712 1530 758 1583 ubi
770 1531 921 1600 generatim

200 1617 291 1670 aperta
309 1604 378 1656 vitia
396 1604 630 1672 perstringunturt
648 1606 720 1672 quod
737 1619 785 1656 nec
804 1606 836 1656 ab
856 1603 921 1672 ipso

199 1677 315 1730 Horatio
330 1676 479 1746 negleilum
490 1675 535 1728 est.
555 1677 587 1727 ln
603 1675 645 1727 his
661 1673 728 1727 verti
743 1676 853 1744 propiis
865 1677 917 1730 ali·

182 1765 186 1768 ·
200 1763 301 1817 quanto
319 1766 379 1802 cum
395 1741 524 1804 Iuvenale
542 1750 574 1800 ad
588 1747 722 1816 Epopoeiae
741 1750 861 1800 accedere
874 1751 918 1813 di-

200 1820 330 1891 gnitatern
347 1821 411 1891 quid
431 1821 559 1874 vetabit?
581 1821 615 1871 In
638 1819 747 1890 reliquis
765 1819 852 1885 vend,
869 1797 916 1876 ubi

199 1894 349 1961 sapientum
373 1893 479 1962 gnomis
503 1891 693 1961 disciplindque
711 1893 862 1958 virtutum,
884 1911 917 1946 ac

200 1966 328 2018 scelertun
344 1965 531 2030 detestatione,
549 1982 597 2034 per
612 1963 744 2020 eruditam
751 1966 840 2030 vatis,
855 1981 915 2018 tao·

200 2045 282 2108 quam
291 2037 378 2088 Ethici
393 2037 529 2102 doiloris,
541 2035 740 2104 ipstructionem
751 2037 874 2092 auditor
867 2056 920 2094 rm

200 2109 306 2172 buitur,
324 2123 381 2160 turn
401 2109 522 2163 deinde
514 2127 544 2162 m
562 2110 657 2179 quibus
681 2111 812 2166 vitiorum
833 2111 916 2164 foedi-

200 2193 241 2234 tas
259 2197 385 2250 errorque
402 2182 487 2251 turpis
506 2183 657 2248 deridetur,
673 2183 768 2236 humili
788 2200 866 2253 atque
882 2187 917 2237 ad

199 2252 380 2306 instruendum
403 2270 467 2323 apto
486 2256 630 2320 sermone,
652 2259 696 2325 qui
716 2257 782 2308 nihil
805 2259 916 2309 arduum·

201 2326 394 2408 obscurumque
413 2330 501 2381 deher-
497 2329 658 2392 continere,
672 2327 743 2381 teile
754 2345 815 2381 curn
830 2330 916 2382 Hora-

200 2397 243 2450 tio
261 2397 421 2454 incedemus.
436 2403 477 2453 lta
490 2401 608 2454 futurum
624 2367 678 2463 eti,
699 2416 831 2470 utraeque
847 2417 917 2470 pro-

200 2470 264 2524 trita
282 2471 394 2526 nimiunn
408 2473 517 2526 vilescat
530 2474 561 2526 in
573 2473 651 2540 poesi
665 2473 751 2526 oratio
761 2472 858 2542 (cuius
867 2475 919 2540 illa

200 2543 322 2598 constans
335 2546 485 2614 proprietas
499 2546 554 2610 est,
571 2559 601 2598 ut
617 2545 741 2598 illustrior
756 2547 842 2599 soluti
856 2548 914 2600 dic·
967 2575 969 2580 ·

200 2615 278 2668 tione
295 2617 422 2687 aliurgat)
434 2635 519 2685 neque
529 2618 560 2670 in
571 2619 708 2686 Epopoeiae
723 2619 852 2680 terminos
864 2637 914 2672 au.

200 2689 291 2742 elacitis
308 2691 476 2742 transferatur
486 2708 492 2740 ε
503 2705 562 2739 curn
579 2689 651 2756 grati
660 2705 694 2739 ex
704 2690 832 2740 varietate
844 2693 917 2742 mix·

201 2762 260 2812 turi
270 2800 279 2823 „
293 2763 421 2830 quandam
436 2760 504 2810 inter
516 2761 619 2827 Eclogae
630 2759 806 2810 humilitatem
818 2761 845 2811 &-
853 2777 915 2814 rna-

199 2831 318 2898 jestatenr
328 2831 465 2901 Epopoeia
475 2831 684 2886 mediocritatem
693 2829 845 2888 sectantur,
