2086 3652
240 260 511 340 ciruitu.
543 252 667 339 Lrn.
697 252 737 338 I.
795 269 861 361 93

111 417 255 486 Expertem
265 417 318 472 suci
335 420 494 486 vultumque
504 415 674 485 animumque
684 415 819 470 ferebare

110 513 281 568 Pura'tamen
290 513 401 567 niveum
412 515 516 566 velabat
525 529 642 581 purpura
653 528 768 580 corpur,

111 609 229 684 Purpura
240 611 353 666 Luciferi
365 626 469 680 turpem
480 611 622 677 complexa
633 607 757 674 ruinam,

110 708 224 777 Ingenio
236 708 375 762 formantis
385 723 458 760 acus.
474 709 530 759 Nec
542 705 650 776 prorsus
661 706 772 760 inermis
784 724 793 760 τ

111 805 206 856 Ensem
213 807 306 858 dextra
316 805 396 867 tulit,
408 805 524 856 viridem
535 821 633 856 manus*
641 806 722 858 altera
733 805 861 873 palmaml

110 899 205 955 lanua
217 902 278 954 dein
287 905 378 971 Agape
388 899 527 964 Diauoeae,
537 901 612 952 dulce
622 901 752 952 Sororum

112 997 230 1066 Utraque
241 1014 287 1065 par
297 1015 305 1056 ·‚
316 997 362 1048 illa
372 1010 470 1047 ornatu
481 993 628 1064 spectabilis
639 1011 740 1058 aureo,

113 1093 177 1148 Haec
188 1095 269 1146 nivea
280 1109 387 1146 teneros
398 1107 469 1144 artus
481 1091 639 1144 circumdata
648 1089 742 1160 bysso:

112 1191 219 1245 AEmula
230 1191 354 1243 Phoebeis
365 1189 406 1242 illi
416 1191 470 1242 duo
482 1189 582 1242 lumina
593 1188 727 1253 flammis,

112 1289 194 1342 Labra
207 1289 293 1353 rosis,
303 1288 379 1342 ebori
390 1287 499 1353 cervix,
514 1290 641 1358 malaque
653 1283 776 1356 pruinis:

112 1385 183 1438 Huic
192 1386 266 1438 lastis
276 1403 323 1454 per
334 1388 404 1438 colla
415 1387 509 1449 decus,
521 1401 620 1454 perque
631 1403 677 1438 ora
688 1385 808 1438 nitebant

114 1482 196 1544 Lilia,
208 1481 365 1548 sidereoque
375 1497 467 1549 agnata
479 1481 604 1534 modestia
612 1485 699 1536 vultu.

115 1575 248 1627 Omnibus
256 1592 324 1626 unus
331 1577 419 1628 honos
426 1578 674 1646 formae‚slirpsuna
682 1581 807 1632 decorum
813 1577 862 1643 estl

116 1669 220 1722 Omnes
233 1671 401 1720 Sarcothearn
411 1686 458 1736 per
467 1685 572 1723 amoena
580 1649 669 1724 ¹vireta
679 1675 841 1742 sequuntur,

114 1768 147 1819 Et
157 1765 244 1819 socias
256 1779 366 1833 carpunt
376 1764 478 1828 violas,
493 1765 663 1834 plesluntque
673 1769 792 1821 rosarum

115 1866 205 1929 Serta,
217 1877 361 1916 coronatos
372 1862 466 1916 blande
477 1861 597 1918 vinslura
607 1863 727 1934 capillos.

23 2007 32 2022 ,
116 1963 205 2016 Perdit
216 1963 338 2017 odoratas
353 1963 490 2032 decerptus
500 1962 641 2016 Amaracus
650 1962 770 2027 umbras,

116 2057 898 2131 Narcissusquecomas‚pulchrosqueflyacinthusanitius}

114 2157 246 2226 Plenaque
258 2157 417 2208 flammeolis
427 2171 553 2208 oneratur
561 2156 653 2209 fiscina
663 2158 774 2210 Calthis.

113 2252 232 2304 Libertas
243 2250 356 2315 jucunda
367 2249 422 2300 loci
433 2249 488 2311 est,
502 2249 658 2318 scelerisque
667 2252 793 2318 voluptas

114 2344 220 2398 Nescia.
233 2345 312 2396 Nunc
323 2344 394 2398 dulei
405 2361 541 2396 ramorum
552 2345 650 2415 frigore
662 2342 736 2398 lenes

116 2419 262 2499 Deelinant
273 2439 337 2492 solis
349 2440 452 2504 radios,
465 2441 579 2508 fusaeque
590 2456 638 2507 per
648 2440 756 2492 herbam

118 2536 249 2590 Mollibus
262 2535 290 2587 in
299 2536 398 2604 pratis,
409 2553 529 2589 curarum
540 2529 666 2608 expertia*
669 2535 766 2588 somno

118 2633 240 2685 Membra
251 2633 357 2692 locant3
368 2649 424 2684 non
432 2635 523 2702 pluma
532 2633 618 2701 capit,
628 2649 684 2684 non
695 2632 766 2700 pisia
775 2631 867 2704 figuris

118 2729 253 2799 Stragula,
266 2727 399 2788 barbarico
409 2745 457 2782 nec
470 2745 590 2798 conopea
601 2744 709 2797 paratu3

118 2829 184 2880 Non
195 2826 259 2878 libet
267 2826 311 2880 his
320 2827 386 2880 tanti
394 2826 540 2894 pretiosum
550 2827 649 2880 ambire
661 2827 795 2894 soporem.

117 2922 217 2976 Blanda
227 2919 318 2992 quies,
328 2921 373 2976 sed
379 2922 495 2991 inempta
500 2923 586 2990 placer
592 2939 601 2983 ς
607 2921 776 2993 formosaque
784 2921 866 2993 pierii
