2040 3644
253 297 377 392 Crn
407 321 533 392 ofer
587 295 655 393 V„
728 292 816 404 209

11 466 19 518 ᾗ
54 453 162 522 Quint
174 445 435 526 mandandoprobat.
443 457 506 509 Non
515 456 726 510 huncsimulatio
737 473 823 512 mutat

11 563 20 612 u
55 553 172 621 Turpis
186 555 337 610 adulantum
347 555 474 608 Dominis
482 593 490 618 ‚
498 553 625 624 vitiisque
634 555 788 618 faventum,

11 661 19 698 t
57 647 125 716 Qui
138 669 314 720 quaecumque
326 652 416 704 lubent
429 649 584 724 ‚indulgent
596 650 661 704 fasta
671 651 784 722 regenti.

11 759 18 796 t
59 748 242 816 Principibus
252 751 410 816 plerumque
420 748 482 801 suus
492 747 601 814 Sejanus
613 748 642 800 in
653 751 711 800 aula
720 747 765 802 est.

11 861 14 892 z
62 845 108 896 Sit
119 845 208 914 Regis
217 847 262 896 lex
271 845 357 912 prima
366 845 451 898 Deus.
463 845 506 896 Sic
517 843 618 913 inclyta
629 847 762 912 quondam
794 905 797 912 ¹
808 909 810 914 Δ

11 953 17 992 r
59 941 230 1014 ‘Austriaden
236 933 348 994 Themis
357 941 463 994 erudiit.
475 942 535 994 Rex
544 948 624 1009 regna
635 941 776 1009 gubernat,

64 1037 161 1106 Reges
172 1037 228 1105 ipse
238 1039 314 1090 Deus
325 1057 332 1092 ι
344 1037 478 1106 servitque
488 1051 573 1088 creata
581 1035 696 1104 potestas

11 1149 17 1187 t
66 1134 125 1186 Sub
135 1132 239 1198 majore
251 1133 348 1186 minor.
359 1134 484 1200 Princeps
497 1134 542 1184 lex
550 1131 615 1184 viva
624 1131 751 1195 suorum,

11 1251 15 1280 t
68 1230 104 1282 Et
114 1229 184 1282 resti
193 1229 327 1298 speculum
339 1231 383 1284 est.
393 1229 515 1282 Imitatur
525 1227 590 1282 sosia
604 1241 741 1298 regentum

68 1327 140 1378 Tam
151 1327 266 1395 presens
277 1343 339 1380 aetas
352 1368 360 1392 ,
372 1327 451 1398 quim
461 1324 573 1395 postera.
584 1325 703 1378 Pluribus
715 1324 785 1377 idem
796 1362 810 1402 ,Ι

11 1445 13 1476 1
68 1422 198 1476 Moribus
208 1439 238 1476 ut
247 1423 352 1492 prodest
362 1422 474 1486 sanetis,
487 1421 523 1474 ita
531 1436 622 1491 peccat
634 1420 744 1490 iniquis.

11 1541 14 1574 t
69 1519 167 1575 Juniis
179 1518 302 1588 potestati
312 1518 429 1586 probitas
441 1516 582 1570 confirmat
589 1519 732 1573 honorem.

70 1614 179 1667 Nititur
189 1615 237 1666 hac
246 1612 344 1664 stabilis
354 1603 460 1664 umnam
470 1613 591 1680 potentia
601 1615 704 1684 Regum
715 1632 722 1666 :

74 1710 132 1762 Hac
145 1708 244 1762 constat
254 1709 343 1759 secura
353 1705 438 1774 quies.
450 1709 518 1758 Cum
527 1705 638 1759 crimine
649 1707 742 1776 regum

76 1805 168 1858 Omne
177 1805 258 1855 breve
267 1802 312 1854 est.
322 1802 399 1854 Solio
411 1800 480 1854 mal'e
491 1799 687 1870 conjunguntur
697 1803 792 1854 eodem

75 1901 202 1970 Improba
212 1900 318 1954 libertas
327 1939 334 1964 ‚
344 1915 422 1969 atque
432 1899 581 1952 inconsulta
590 1898 714 1968 potestas.
796 1953 798 1960 ,

77 1998 138 2053 Poll
149 1996 216 2054 male
226 1999 338 2052 calcatas
346 1999 419 2067 leges
428 2037 436 2061 ,
446 1998 520 2066 plebs
530 1997 612 2049 calcat
621 1995 753 2048 honorem
842 2053 845 2058 ,

78 2091 220 2165 Principis,
232 2096 258 2148 &
267 2093 347 2165 spreti
357 2093 462 2146 vilescit
470 2093 555 2163 gloria
566 2091 672 2162 sceptri.

79 2195 119 2245 Ne
129 2191 277 2246 Dominum
287 2191 410 2256 perversa
420 2191 495 2240 suum
505 2189 621 2240 custodia
635 2188 738 2254 cingat,

81 2287 242 2358 Flagitioque
251 2271 344 2338 favens
355 2302 363 2344 3
373 2283 458 2351 aequi,
471 2299 550 2350 quem
561 2281 638 2349 stipat
646 2281 768 2351 iniquus,

82 2386 185 2436 Nomen
192 2381 288 2434 hahere
299 2378 401 2450 nequit.
411 2382 512 2433 Foveat
521 2376 661 2446 probitatis
670 2391 805 2446 amantes,

85 2477 139 2545 Qui
148 2475 219 2546 cupit
224 2474 281 2528 -effe
290 2476 388 2542 probus
399 2493 406 2525 ι
417 2471 502 2524 τεᾶοε
513 2465 671 2542 quicumque
681 2487 785 2537 tuetur,

87 2576 118 2628 Se
127 2589 229 2642 quoque
240 2569 355 2625 defendit
365 2567 491 2635 Princeps
498 2585 506 2628 ·‚
514 2567 612 2636 quique
619 2568 721 2621 invidet
729 2571 824 2639 aequis,

22 2645 24 2650 Ι
86 2668 184 2726 Invidet
193 2668 248 2737 ipse
258 2665 308 2720 sibi
318 2684 327 2726 ·‚
338 2665 424 2718 facilis
437 2678 568 2744 mereatur
578 2681 697 2718 amorem

88 2764 180 2828 Plebis,
192 2780 283 2820 amore
291 2761 350 2816 suu.
360 2761 440 2833 Regis
449 2761 490 2814 bis
501 2760 610 2815 nomine
620 2765 732 2834 gaudet,
775 2805 778 2812 ,

91 2863 140 2930 Qui
149 2863 261 2930 populos
271 2859 426 2928 animosque
436 2859 520 2930 regit:
533 2876 594 2915 nam
607 2875 719 2925 corpora
730 2858 805 2930 vulgi
820 2837 833 2878 ¹,

91 2959 219 3044 Indignum
230 2954 266 3011 est
275 2953 396 3010 Domino
407 2957 508 3014 tuntum
518 2972 609 3029 parere
618 2953 735 3023 jubenti¹
