2076 3652
211 329 231 375 2
399 299 733 372 Hnnorcu

208 423 368 480 carminibus
383 425 565 488 celebrantur,
580 423 629 475 suo
644 423 735 492 aliquo
751 423 867 488 merito,
878 441 926 478 no·

209 516 271 552 men
290 499 424 569 singulare
447 497 498 550 sibi
518 495 657 550 vindicant
678 535 686 560 ,
712 515 767 566 quo
794 515 809 550 a
832 498 926 550 ceteris

209 573 342 642 poematis
358 571 566 640 distinguantur,
581 570 720 638 Epopoeiae
736 570 790 623 iliis
800 570 926 634 titulum,

209 663 224 698 a
243 645 374 714 plerisque
393 646 500 706 datum,
518 644 698 712 relinquemus
719 660 774 703 ·‚ut
792 642 868 698 tanto
888 644 928 696 sa·

210 720 288 772 cilius
305 720 332 771 &
349 716 427 781 huius
447 718 474 769 δι
493 715 659 784 reliquorum
675 717 704 768 in
723 715 811 786 Epicis
831 715 927 768 carmi-

211 809 276 844 num
294 805 414 844 naturam
431 806 569 858 exponere
589 789 684 853 liceat,
706 805 853 857 mutuoque
873 789 929 840 dis·

210 865 323 918 crimine
349 865 477 932 separare.
502 864 567 914 Haec
593 863 679 916 obiter
703 864 734 936 de
760 861 928 932 etymologia

211 936 342 991 monuisse
360 936 502 990 suffecerit.
520 939 597 988 Nunc
612 935 702 1004 paucis
718 934 799 987 etiam
817 951 928 1004 genera-

211 1012 261 1064 tim
281 1028 401 1065 naturam
422 1010 610 1080 indagabimus.

248 1085 291 1138 Est
304 1085 372 1139 verd
388 1086 501 1154 Epicum
519 1100 624 1136 carmen
633 1080 761 1136 universi
776 1080 842 1136 illud
857 1081 930 1151 quod

211 1178 259 1212 rem
276 1177 437 1228 quamcumque
455 1161 589 1209 hexametro
609 1155 675 1224 uersu
691 1175 719 1208 ac
732 1158 801 1226 graui
820 1157 929 1207 oratione

212 1234 326 1284 imitatur.
338 1233 398 1284 Hoc
411 1233 457 1283 vel
467 1231 611 1301 Physicum
620 1230 674 1293 est,
691 1231 723 1282 de
736 1243 828 1282 nanue
842 1245 930 1282 rerum

213 1321 379 1368 creatarum,
400 1304 550 1372 artiumque
567 1321 596 1356 ac
613 1303 799 1364 scientiarum,
820 1316 850 1352 ut
869 1302 929 1353 Ma-

214 1378 296 1430 nilius
319 1379 346 1430 &
367 1377 504 1430 Lucretius
522 1417 530 1442 ,
548 1393 605 1428 rum
625 1375 653 1426 in
675 1373 816 1444 Georgicis
836 1373 930 1443 Virgi-

188 1507 190 1511 ,
215 1451 267 1505 lius
288 1491 296 1516 ,
316 1450 441 1519 scripsere
461 1469 470 1510 ·‚
490 1453 537 1504 vel
558 1447 679 1500 Ethicum
707 1449 739 1500 de
760 1447 816 1498 vita
839 1446 931 1498 homi-

214 1543 279 1577 num
291 1565 298 1589 ,
311 1540 341 1577 ut
356 1523 436 1578 ceteri
452 1523 571 1591 plerique
590 1522 731 1574 Poetanrm
748 1519 851 1574 dedere.
868 1519 931 1572 Por·

215 1616 246 1650 ro
258 1599 378 1650 Ethicum
398 1598 426 1649 in
442 1599 503 1647 duas
521 1593 620 1662 species
640 1592 761 1656 discedit,
779 1593 807 1644 in
820 1593 931 1662 Agathe·

215 1671 317 1724 thicum
339 1673 364 1723 δι
387 1669 568 1722 Cacerlricum,
589 1668 656 1719 Illud
676 1669 764 1719 bonos
789 1667 930 1718 hominum

216 1761 306 1798 mores
318 1745 449 1813 exponit,
469 1757 548 1811 atque
561 1741 589 1792 in
600 1740 738 1792 heroicum
751 1738 859 1808 proprie
875 1739 930 1792 dic-

216 1836 292 1882 rum,
308 1833 365 1871 tum
384 1817 477 1869 deinde
495 1813 714 1866 Encomiaiiicum
729 1814 829 1865 secatur
847 1831 853 1864 ε
870 1813 932 1880 quia

216 1895 262 1944 vel
279 1894 391 1943 heroum
411 1889 532 1950 tannim,
551 1889 596 1937 vel
612 1886 725 1937 aliorum
744 1886 824 1937 etiam
841 1885 931 1936 homi·

217 1981 281 2016 num
302 1961 472 2014 mediocriter
492 1957 679 2010 excellentium
706 1957 819 2008 virtutes
845 1957 934 2025 expli·

218 2051 268 2087 cat.
291 2033 456 2095 Hernicum,
475 2033 520 2082 vel
542 2047 622 2082 unam
647 2030 749 2081 tantum
772 2031 933 2098 praecipuarn

218 2107 308 2160 herois
327 2105 458 2157 astionem
474 2103 661 2171 prosequitur,
679 2103 706 2153 δι
719 2103 868 2170 Epopoeia,
890 2121 934 2156 re·

219 2179 294 2249 cepti
309 2179 409 2248 passim
423 2195 513 2238 voce,
530 2176 627 2228 dicitur
641 2215 648 2239 ,
664 2191 694 2228 ut
708 2175 744 2227 est
760 2175 853 2228 AEneis
869 2177 935 2228 Vir·

218 2253 296 2324 gilii3
316 2255 362 2306 vel
381 2255 469 2320 piures
489 2249 608 2314 eiusdem
626 2249 741 2302 virtutes
766 2249 933 2320 perstringit,

220 2325 407 2396 &Panegyris
424 2322 480 2378 fer'e
497 2325 664 2394 appellatur,
683 2338 713 2374 ur
726 2324 795 2390 apud
814 2323 935 2375 Claudia·

219 2418 282 2454 turm
304 2401 333 2452 in
351 2398 490 2453 stiliconis
508 2400 640 2450 honorem
660 2411 743 2449 extat.
762 2395 934 2450 Cacetbicurn

218 2475 358 2542 improbos
379 2474 522 2526 hominum
538 2487 627 2522 nentes
649 2471 681 2521 ad
699 2471 788 2539 sugam
806 2471 832 2522 δι
850 2471 934 2522 detes·

218 2548 351 2600 tationem
363 2546 549 2599 concitandam
559 2542 705 2612 exprimit,
718 2545 790 2610 quod
807 2544 840 2594 ab
850 2542 934 2610 Epico
1007 2565 1009 2569 ·
1036 2553 1037 2570 ¹

218 2636 299 2688 poeta
311 2635 367 2672 non
382 2619 419 2670 est
434 2619 570 2679 alienum,
589 2633 671 2684 quum
687 2615 863 2666 &Claudiani
877 2617 934 2668 Ru·

220 2694 291 2744 finus
299 2731 312 2754 „
324 2692 350 2742 δι
361 2691 471 2752 Satirae,
484 2693 629 2741 mrdrorum
641 2688 699 2738 sine
709 2687 780 2737 uitio
796 2699 934 2754 exponant

218 2765 299 2816 viti-a,
318 2762 442 2816 Ceterum
460 2759 607 2814 ursiversiro
628 2761 659 2809 de
677 2757 756 2809 Poesi
773 2759 852 2826 Epica
872 2775 934 2812 nro-

219 2836 305 2890 ntidss'e
325 2833 476 2899 suffecerit,
497 2835 680 2886 hexametrum
702 2845 831 2890 tarmen,
852 2847 934 2900 quum

217 2908 577 2978 adhibemrnaturiertrum,
589 2903 721 2969 historiis,
737 2905 853 2971 artibus,
862 2904 934 2958 aiiis·
