2040 3644
217 241 694 336 MCAnour'V.
775 271 865 328 tor

110 407 202 476 Quam
210 407 321 477 poseant
331 410 447 468 humana
458 405 554 468 fidem,
566 405 828 480 respublica-curam,
844 445 846 449 .

109 505 272 574 Improbitas
281 523 390 575 poenam
401 545 409 571 ‚
418 506 505 560 virtus
515 506 632 557 ornanda
641 504 763 556 favorem
773 521 782 563 ·‚

111 603 187 668 Quas
197 605 269 675 leges
281 621 329 656 rex
339 604 394 671 ipse
405 602 457 656 sibi
467 601 599 670 praefiniat
608 600 696 669 aequi·,

110 700 200 766 Quam
208 702 357 752 libertatem
367 698 463 767 saciat,
474 715 529 768 quo
537 698 623 752 limite
635 697 752 769 stringat.
798 723 801 728 ·

109 797 189 850 Haud
197 797 270 850 setus
280 811 382 850 aeterno
391 796 453 848 dum
462 796 587 847 conderet
597 795 687 847 omnia
697 796 782 848 verbo

1 890 10 903 ‘
81 930 84 932 -
112 893 311 962 Omnipotens,
321 893 393 962 quod
403 907 513 960 quaque
524 889 575 942 sibi
587 905 679 944 natura
693 891 832 959 poposcit,

111 989 243 1042 Providus
253 989 386 1053 attribuit,
399 987 504 1058 pluvias
516 987 648 1040 arentibus
661 987 765 1051 herbis,

112 1086 145 1136 Et
157 1086 241 1138 solem
251 1085 378 1150 madidis,
388 1086 542 1156 Zephyrum
553 1083 723 1138 vernantibus
733 1083 804 1136 arvis
814 1101 824 1144 ·‚

110 1183 163 1236 Sed
172 1181 243 1236 ratio
253 1184 349 1236 donata
358 1183 477 1248 homiui,
489 1183 534 1236 suu
543 1183 640 1235 robora
650 1181 749 1256 brutis,

111 1282 148 1331 At
159 1279 217 1332 sine
229 1279 344 1334 consilio
355 1301 362 1334 :
372 1281 438 1347 jussi
449 1299 540 1350 parere
551 1284 661 1344 leones,

112 1375 280 1446 cornipedes
287 1377 331 1429 sua
342 1379 416 1430 srena
426 1377 498 1446 pati,
508 1377 607 1432 servire
619 1375 732 1430 molossi
743 1397 751 1430 τ

113 1473 187 1524 Stare
199 1475 266 1526 daris
279 1477 410 1526 elementa
420 1474 505 1538 locis,
519 1473 653 1528 effundere
664 1487 735 1528 terra

113 1568 250 1632 Germen,
260 1570 419 1636 &acceptos
429 1569 534 1620 homini
543 1587 614 1621 mare
624 1571 731 1622 reddere
740 1571 835 1639 pisces.

113 1664 213 1716 Parvus
223 1663 253 1716 in
262 1664 325 1716 orbe
334 1665 409 1714 Deus
421 1679 468 1714 rex
480 1663 524 1715 est.
536 1663 663 1716 Examine
672 1664 740 1730 justo

113 1759 205 1814 Librat
212 1759 309 1827 cuique
319 1759 405 1810 suurn.
417 1758 546 1826 Magnum
556 1757 594 1810 sic
604 1759 720 1828 inclytus
733 1761 826 1814 orbern

111 1855 214 1926 Dirigit
224 1854 498 1908 Austriades.=Debent
509 1855 571 1908 huic
580 1855 650 1908 saera
659 1855 797 1926 vigorem,

110 1953 184 2006 Proh
194 1955 289 2009 dolor!
303 1952 412 2006 incultis
425 1955 522 2006 dudum
531 1953 678 2025 squalentia
687 1957 815 2024 templis,

111 2051 233 2128 Religio·
241 2052 364 2124 gravibus
374 2055 450 2108 debet
459 2053 581 2108 eoncuffa
592 2052 677 2106 ruinis
688 2091 699 2118 ,

112 2149 163 2202 His
172 2151 289 2218 humeris
299 2151 410 2202 subnixa
419 2151 463 2202 diu
473 2189 482 2212 ,
494 2151 553 2201 crint
566 2139 681 2201 ferveret
691 2163 770 2200 atrox

110 2243 244 2306 Haeresis,
257 2242 389 2309 &sparsis
400 2243 553 2295 involveret
563 2241 654 2292 omnia
663 2241 797 2302 flammis,

109 2339 175 2391 Inde
186 2337 378 2388 Cheruscorum
387 2335 500 2407 flagrans
513 2337 657 2390 Germania
666 2337 777 2403 turmis,

113 2436 252 2486 Cattorum
261 2432 322 2484 inde
332 2431 421 2485 furens
429 2451 438 2492 ·,
447 2431 507 2484 cinn
517 2449 565 2483 nec
574 2433 619 2484 sua
630 2432 740 2485 flumina
749 2434 859 2488 Rhenus

116 2529 251 2584 Sufficeret
258 2567 268 2592 ,
275 2526 421 2596 rabidisque
431 2526 552 2580 incendia
561 2528 691 2598 frangeret
701 2530 779 2583 undis

102 2659 106 2668 .
116 2625 257 2682 Danubius
268 2624 405 2706 sliammas
417 2639 539 2678 vomeret
548 2641 597 2693 pro
607 2625 682 2679 fonte
694 2627 839 2700 Visurgis,

115 2723 284 2793 Amisiusque
293 2722 354 2776 suos
364 2737 424 2774 eum
433 2711 514 2774 fluctu
523 2723 647 2775 volveret
655 2723 739 2778 astus.

116 2825 179 2878 Heu
192 2827 198 2876 l
211 2820 290 2890 quim
300 2822 434 2888 deplorata
444 2817 508 2872 sides
520 2858 528 2883 ,
538 2821 685 2888 calcataque
699 2822 779 2878 sactis

115 2917 233 2990 Relligio
244 2917 314 2974 dedit
324 2915 425 2971 afflistae
438 2913 585 2984 speciacula,
593 2913 688 3040 sorrlis!
769 2954 770 2958 ,

669 3004 691 3042 v
