2086 3652
741 127 789 172 Ψ

177 263 227 361 m
374 259 719 341 errorem

178 389 205 446 δι
222 392 246 444 Α
261 391 505 464 grandescentibus
524 409 572 461 per
587 393 613 444 T
633 391 701 444 &R
719 387 795 460 quasi
824 381 894 446 cors-¹

176 466 369 530 trementibus,
387 465 554 534 exprimitur.
580 465 653 519 Sic
646 483 676 516 ιιι
702 467 771 517 vers.
789 470 832 528 4⁰,
848 470 893 516 la-

176 539 330 602 milr'sslravir
344 558 439 607 pavor.
452 541 563 607 abrupto
579 555 690 590 numero
706 537 830 600 finitum,
841 556 892 590 ve-

175 607 216 663 lut
236 611 315 663 simul
333 611 476 678 prostratos
493 611 615 662 homines
635 605 894 662 εοιινειιίειιιίεςίιιιὲ

175 684 313 750 exprimit.
336 683 405 734 Mox
419 683 486 734 vero
506 683 625 734 fulminis
645 685 735 734 omnia
752 683 892 735 sternentis

175 756 337 806 celeritatem
354 755 432 806 versu
453 761 492 821 5⁰,
513 756 539 806 &
557 763 600 822 9⁰,
617 757 701 806 oculis
722 771 791 822 pene
809 754 893 819 subii

174 843 235 880 cere
251 828 375 879 videntur
393 827 449 895 ipsa
468 827 548 880 verba
569 825 762 896 praecipitanter
781 829 892 880 involu-

175 907 203 951 ta
222 901 277 952 :Et
294 918 361 951 ruere
378 903 457 951 omnia
473 898 523 966 visa
546 903 662 968 ιιριιιιὲ,
688 917 775 956 terum
794 902 893 954 caden-

173 971 245 1024 ci'um
263 972 365 1025 ruinam
384 973 461 1024 nobis
479 973 673 1040 repraesentant.

213 1047 330 1097 Alteram
351 1059 440 1097 tamen
462 1046 537 1114 Epici
558 1046 682 1098 carminis
699 1047 807 1110 dotem,
832 1062 893 1114 quae

176 1115 214 1170 est
241 1136 297 1170 non
322 1118 424 1170 tantiam
448 1121 542 1170 decora
570 1121 713 1170 verborum
742 1117 894 1186 phrasiunn»

176 1207 229 1258 que
248 1207 277 1242 ac
288 1189 458 1258 periodorum
473 1190 542 1242 inter
558 1191 585 1242 se
602 1191 781 1258 compositio,
796 1191 892 1244 verum

176 1261 258 1314 etiam
277 1263 396 1330 personis
414 1263 541 1331 rebusque
557 1263 618 1331 apte
635 1265 667 1315 ad
687 1280 805 1315 naturam
826 1264 893 1314 illo·'

176 1350 244 1386 rum·
256 1334 485 1402 exprimendarum
512 1335 696 1399 couveniens,
713 1335 841 1404 Virgilius
860 1335 891 1386 in

176 1408 246 1460 vers.
266 1417 301 1469 40
312 1409 338 1459 δι
353 1409 411 1476 seq.·
426 1407 543 1460 maxim'e
561 1409 701 1475 expressit.
719 1410 752 1460 ln
771 1423 822 1475 qua
840 1408 891 1458 do-

177 1490 205 1531 te
216 1517 224 1541 ‚
235 1478 303 1547 pene
316 1481 387 1532 solus
396 1481 442 1532 ille
452 1480 521 1532 inter
530 1480 654 1549 antiquos
669 1481 810 1548 scriptores
821 1478 892 1534 emi-

79 1543 82 1550 ’
177 1565 232 1605 net.
252 1553 386 1605 Lucanum
401 1552 535 1606 audiamus
554 1553 600 1606 lib.
619 1562 650 1606 10
667 1553 759 1609 phars.
804 1625 807 1630 ‚

176 1691 286 1759 Qualiter
295 1693 420 1760 expreslnm
429 1694 503 1746 ventis
513 1708 554 1760 per
563 1693 642 1745 nubila
653 1693 737 1746 fulmen
747 1729 762 1755 ‚.

173 1779 275 1833 AEtheris
285 1781 374 1848 impulsi
386 1781 473 1837 sonitu,
483 1781 606 1848 mundique
617 1782 708 1849 fragore
718 1819 725 1843 ‚

172 1868 272 1923 Emicuit
283 1873 405 1936 ,rupitque
417 1869 477 1920 diem
487 1869 648 1937 ,populosque
658 1881 769 1936 paventes

173 1955 280 2019 Terruit,
293 1956 389 2024 obliqui
398 1955 548 2024 perstringens
559 1958 643 2008 lumina
656 1957 768 2014 flammis
865 2005 870 2010 .

84 2077 88 2084 ·
172 2044 201 2098 lu
211 2045 249 2096 sua
261 2045 345 2110 templa
354 2044 417 2106 surit,
428 2041 535 2111 nullique
545 2045 608 2096 exite
617 2057 718 2097 vetante

172 2130 273 2187 Materil
283 2169 291 2196 ,
300 2145 451 2198 inopiamque
462 2132 547 2184 cadens
559 2167 566 2193 .
581 2146 732 2201 magrtamque
741 2145 863 2190 revertens

173 2219 221 2274 Det
231 2211 326 2287 stragem
337 2219 382 2272 late
392 2220 540 2290 sparsosque
548 2219 664 2288 recollig't
672 2225 747 2290 igne

192 2343 242 2404 ln
261 2342 317 2395 lroc
339 2341 455 2394 carmine
482 2341 575 2396 illustri
596 2341 676 2397 simul
698 2344 889 2430 perspicuoque

172 2413 223 2471 'dos
239 2415 327 2484 prima
340 2415 415 2484 Epici
433 2416 562 2469 sermonis
579 2416 641 2469 satis
658 2417 780 2478 eminet3
795 2435 830 2470 ex
851 2421 890 2470 21²

174 2501 230 2543 tera
244 2505 334 2542 tamen
356 2489 486 2543 orationis
512 2491 575 2542 dote
596 2491 685 2544 mimis
709 2503 797 2560 aptam
821 2491 890 2543 inter

173 2551 291 2616 membra
308 2563 359 2615 sna.
371 2563 597 2632 compositionem
614 2565 747 2622 exhibea
762 2564 891 2632 rebusque

174 2634 263 2687 tumus
275 2651 416 2704 apposita
425 2651 512 2722 ‘quam
529 2636 573 2687 rlla
583 2636 724 2696 Maronis
739 2635 777 2686 etl
788 2635 887 2686 ᾱίἂίοι

173 2705 289 2770 idcirco,
312 2707 383 2774 quod
406 2705 517 2757 nimium
541 2723 589 2773 per
608 2705 828 2769 conjune‘tionem·
845 2719 889 2770 que

174 2778 269 2844 saepius
285 2793 478 2839 recurrentem,
494 2779 570 2827 velut
587 2775 615 2826 in
632 2793 660 2827 re
677 2775 753 2838 levi,
770 2777 887 2827 exultem

172 2849 372 2920 quintoautem
388 2848 466 2903 versu
484 2863 543 2916 apra
554 2847 623 2902 desit
636 2847 779 2904 connexio·
796 2848 828 2902 ln
838 2863 888 2902 eo·
