2056 3644
175 295 258 371 188
359 287 721 374 Samarra.

169 451 232 502 Non
242 449 303 504 tulit
313 451 354 505 Ita
365 452 465 516 minas,
476 450 520 504 sed
530 449 615 504 hianti
626 449 733 519 spumea
744 445 819 502 ticin*

171 547 212 600 Os
223 527 329 616 torquet
339 565 349 608 ς
360 549 489 618 nigroque
501 547 618 600 animum
629 547 731 616 perfusa
740 561 853 600 veneno

170 644 339 698 Horrendum
348 646 451 708 fremit,
462 645 646 713 abrumpitque
655 642 768 696 minacia
777 643 885 708 verba„

169 741 265 793 Telum
277 742 346 794 inter
355 759 437 795 voces
446 743 554 795 librans.
566 739 707 794 stridentia
715 739 809 793 fractis

170 837 275 906 Spicula
287 836 413 901 iaaantur
421 837 511 890 ventis
522 876 530 900 ,
541 852 573 888 ac
582 851 652 889 certa
663 837 782 888 feruutur

170 933 202 984 ln
211 934 278 986 latus
290 935 444 1003 obliquum,
456 931 572 985 confinia
584 931 699 999 pectoris
710 930 772 986 alti.-

171 1029 283 1098 Excepit
293 1030 463 1084 loricaruent
473 1028 586 1082 innoxia
592 1027 689 1081 fertum
699 1067 708 1092 ,

171 1127 204 1179 Et
213 1142 285 1181 retro
296 1126 359 1180 tulit
368 1125 494 1180 obsistens
503 1126 669 1179 adamantina
680 1144 686 1178 :
699 1125 781 1178 telum

171 1223 520 1293 Frangitur,acceptumque
527 1223 606 1276 refert
611 1239 661 1292 pro
671 1223 907 1280 vulnetevuluusr

172 1318 266 1384 Qualis
278 1319 307 1372 iu
320 1319 451 1372 adversam
465 1319 541 1372 navis
550 1318 688 1372 temeraria
699 1331 792 1387 rupem

171 1415 235 1468 Fusa
245 1415 313 1481 ruit,
325 1415 420 1484 perstat
429 1415 534 1478 saxum,
545 1415 609 1468 tatis
619 1413 669 1468 itta
677 1414 782 1468 fatiscit.

171 1513 219 1564 Illa
231 1526 318 1564 tamen
329 1510 421 1576 iaculis
432 1510 580 1582 iterumque
592 1511 740 1580 iterumque
748 1513 857 1567 lacessit
863 1551 878 1576 ,-

171 1605 339 1678 Delaffatque
348 1625 437 1661 artum
447 1648 454 1673 ‚
466 1609 666 1678 pharetramque
678 1606 799 1659 exhaurit
808 1607 929 1662 inanem*-

171 1703 365 1774 Nequicquam.
374 1705 450 1758 Nihil
459 1705 515 1758 haec
525 1705 626 1758 Divum
636 1718 732 1757 terrete
743 1707 862 1772 procella

170 1800 302 1854 InviCtam
312 1801 401 1870 potuit
411 1820 417 1854 :
428 1801 499 1854 stetit
508 1799 658 1853 inconcufl'a
668 1800 788 1869 Vitagu,

152 1897 205 1962 ,Et
214 1900 311 1967 clypeo
320 1898 406 1951 fusum
414 1897 560 1961 jaculorum
572 1896 669 1963 repulit
677 1896 799 1950 imbrem.

172 1992 287 2046 Provida
296 2009 408 2060 namque
417 1994 511 2055 Arete,
523 1991 608 2048 rutilis
620 1989 770 2042 firmaverat
779 1991 861 2046 armis

173 2086 315 2141 luftastum
326 2085 417 2155 peetus
429 2103 437 2144 3
449 2084 529 2154 capiti
538 2083 608 2138 sedet
619 2101 685 2137 aerea
696 2085 776 2138 cassis
788 2125 799 2149 ,

173 2185 206 2236 Et
217 2184 327 2252 chalybe
338 2182 473 2234 indutatus
484 2198 554 2250 apex
566 2199 575 2242 ¹,
588 2197 706 2250 auroque
719 2179 835 2234 trilicem

174 2279 294 2332 Induitut
303 2280 415 2333 loricam
424 2278 541 2332 humeris
550 2298 559 2339 ·,
568 2296 717 2348 parmaque
728 2281 860 2334 decorum.

174 2377 263 2428 Altera
272 2375 444 2440 fulcit-onus,
455 2376 547 2429 traebat
557 2393 648 2430 manus
659 2378 739 2428 altera
748 2377 857 2432 fertum.

174 2473 315 2526 Talemlra
324 2473 481 2543 aggreditur,
488 2472 927 2555 propiusqueafcendereMattem·

176 2569 259 2632 Ausa,
272 2571 369 2636 premit
377 2567 469 2634 iunbio
480 2569 560 2621 Divae
572 2568 681 2638 vestigia
694 2567 793 2638 gressu,

173 2665 921 2734 Audacemquemanumcapuloadmovet,&tapitensem‚

176 2759 926 2830 Ot'esupetfteudens:Dabis,endabisimptobapoenam„

177 2861 297 2920 Clamat,
311 2857 337 2908 &
347 2856 441 2907 elatam
449 2853 527 2906 librat
538 2853 635 2906 furiosa
647 2857 803 2910 machaeram

175 2951 331 3008 bietticisiu
343 2952 476 3018 medium,
490 2965 568 3023 atque
580 2952 671 3008 audaci
683 2953 792 3008 destinat
803 2954 857 3009 'mu
867 2994 883 3020 ,,
