<?xml version="1.0" encoding="UTF-8"?>
<!DOCTYPE html PUBLIC "-//W3C//DTD XHTML 1.0 Transitional//EN"
    "http://www.w3.org/TR/xhtml1/DTD/xhtml1-transitional.dtd">
<html xmlns="http://www.w3.org/1999/xhtml" xml:lang="en" lang="en">
 <head>
  <title>
</title>
<meta http-equiv="Content-Type" content="text/html;charset=utf-8" />
  <meta name='ocr-system' content='tesseract 3.04.00' />
  <meta name='ocr-capabilities' content='ocr_page ocr_carea ocr_par ocr_line ocrx_word'/>
</head>
<body>
  <div class='ocr_page' id='page_1' title='image "./sarcotisetcarol00masegoog_0146.png"; bbox 0 0 2086 3652; ppageno 0'>
   <div class='ocr_carea' id='block_1_1' title="bbox 186 237 912 1791">
    <p class='ocr_par' dir='ltr' id='par_1_1' title="bbox 186 237 911 1476">
     <span class='ocr_line' id='line_1_1' title="bbox 188 237 705 330; baseline -0.004 -14"><span class='ocrx_word' id='word_1_1' title='bbox 188 237 242 330; x_wconf 51' lang='lat'>‘4&#39;</span> <span class='ocrx_word' id='word_1_2' title='bbox 393 237 705 326; x_wconf 68' lang='lat' dir='ltr'>Honor-cu</span> 
     </span>
     <span class='ocr_line' id='line_1_2' title="bbox 186 355 738 429; baseline 0.011 -21"><span class='ocrx_word' id='word_1_3' title='bbox 186 355 302 426; x_wconf 78' lang='lat' dir='ltr'>Delassare</span> <span class='ocrx_word' id='word_1_4' title='bbox 311 367 380 424; x_wconf 81' lang='lat' dir='ltr'>queat</span> <span class='ocrx_word' id='word_1_5' title='bbox 389 357 483 412; x_wconf 83' lang='lat' dir='ltr'>Fabium</span> <span class='ocrx_word' id='word_1_6' title='bbox 492 400 500 424; x_wconf 88' lang='lat'>,</span> <span class='ocrx_word' id='word_1_7' title='bbox 510 372 579 429; x_wconf 86' lang='lat' dir='ltr'>atque</span> <span class='ocrx_word' id='word_1_8' title='bbox 590 375 632 414; x_wconf 91' lang='lat' dir='ltr'>ore</span> <span class='ocrx_word' id='word_1_9' title='bbox 643 373 738 415; x_wconf 84' lang='lat' dir='ltr'>catenas</span> 
     </span>
     <span class='ocr_line' id='line_1_3' title="bbox 187 443 766 519; baseline 0.009 -21"><span class='ocrx_word' id='word_1_10' title='bbox 187 443 310 500; x_wconf 79' lang='lat' dir='ltr'>Herculeo</span> <span class='ocrx_word' id='word_1_11' title='bbox 321 458 410 500; x_wconf 85' lang='lat' dir='ltr'>auratas</span> <span class='ocrx_word' id='word_1_12' title='bbox 422 449 561 516; x_wconf 83' lang='lat' dir='ltr'>dirumpere.</span> <span class='ocrx_word' id='word_1_13' title='bbox 570 449 615 503; x_wconf 82' lang='lat' dir='ltr'>Fac</span> <span class='ocrx_word' id='word_1_14' title='bbox 626 465 686 519; x_wconf 85' lang='lat' dir='ltr'>age,</span> <span class='ocrx_word' id='word_1_15' title='bbox 701 449 766 503; x_wconf 81' lang='lat' dir='ltr'>votis</span> 
     </span>
     <span class='ocr_line' id='line_1_4' title="bbox 188 532 747 605; baseline 0.011 -19"><span class='ocrx_word' id='word_1_16' title='bbox 188 532 281 600; x_wconf 80' lang='lat' dir='ltr'>Aspiret</span> <span class='ocrx_word' id='word_1_17' title='bbox 289 533 354 588; x_wconf 86' lang='lat' dir='ltr'>Deus</span> <span class='ocrx_word' id='word_1_18' title='bbox 362 535 398 588; x_wconf 84' lang='lat' dir='ltr'>his</span> <span class='ocrx_word' id='word_1_19' title='bbox 408 534 506 604; x_wconf 84' lang='lat' dir='ltr'>aliquis,</span> <span class='ocrx_word' id='word_1_20' title='bbox 517 537 654 605; x_wconf 81' lang='lat' dir='ltr'>scenamque</span> <span class='ocrx_word' id='word_1_21' title='bbox 663 539 747 592; x_wconf 76' lang='lat' dir='ltr'>theatri</span> 
     </span>
     <span class='ocr_line' id='line_1_5' title="bbox 188 620 737 694; baseline 0.005 -18"><span class='ocrx_word' id='word_1_22' title='bbox 188 620 321 676; x_wconf 78' lang='lat' dir='ltr'>Humanam</span> <span class='ocrx_word' id='word_1_23' title='bbox 329 624 363 675; x_wconf 85' lang='lat' dir='ltr'>sir</span> <span class='ocrx_word' id='word_1_24' title='bbox 373 637 403 675; x_wconf 83' lang='lat' dir='ltr'>en</span> <span class='ocrx_word' id='word_1_25' title='bbox 411 623 484 688; x_wconf 87' lang='lat' dir='ltr'>lubitu</span> <span class='ocrx_word' id='word_1_26' title='bbox 494 624 605 679; x_wconf 87' lang='lat' dir='ltr'>decemnr</span> <span class='ocrx_word' id='word_1_27' title='bbox 615 625 737 694; x_wconf 78' lang='lat' dir='ltr'>agendam.</span> 
     </span>
     <span class='ocr_line' id='line_1_6' title="bbox 187 706 737 780; baseline 0.011 -19"><span class='ocrx_word' id='word_1_28' title='bbox 187 706 254 761; x_wconf 84' lang='lat' dir='ltr'>lieus</span> <span class='ocrx_word' id='word_1_29' title='bbox 264 719 289 761; x_wconf 91' lang='lat' dir='ltr'>tu</span> <span class='ocrx_word' id='word_1_30' title='bbox 298 707 417 776; x_wconf 86' lang='lat' dir='ltr'>personam</span> <span class='ocrx_word' id='word_1_31' title='bbox 427 711 491 763; x_wconf 87' lang='lat' dir='ltr'>miles</span> <span class='ocrx_word' id='word_1_32' title='bbox 501 712 609 780; x_wconf 82' lang='lat' dir='ltr'>depone,</span> <span class='ocrx_word' id='word_1_33' title='bbox 619 713 737 780; x_wconf 85' lang='lat' dir='ltr'>phaselum</span> 
     </span>
     <span class='ocr_line' id='line_1_7' title="bbox 187 785 813 870; baseline 0.021 -23"><span class='ocrx_word' id='word_1_34' title='bbox 187 785 240 851; x_wconf 78' lang='lat' dir='ltr'>lam</span> <span class='ocrx_word' id='word_1_35' title='bbox 250 795 343 848; x_wconf 82' lang='lat' dir='ltr'>scandes</span> <span class='ocrx_word' id='word_1_36' title='bbox 354 800 518 860; x_wconf 83' lang='lat' dir='ltr'>mercator,&amp;</span> <span class='ocrx_word' id='word_1_37' title='bbox 526 801 573 853; x_wconf 86' lang='lat' dir='ltr'>lnoc</span> <span class='ocrx_word' id='word_1_38' title='bbox 584 812 607 854; x_wconf 89' lang='lat' dir='ltr'>te</span> <span class='ocrx_word' id='word_1_39' title='bbox 617 801 709 855; x_wconf 86' lang='lat' dir='ltr'>soenure</span> <span class='ocrx_word' id='word_1_40' title='bbox 721 801 813 870; x_wconf 75' lang='lat' dir='ltr'>pastea·</span> 
     </span>
     <span class='ocr_line' id='line_1_8' title="bbox 188 881 810 948; baseline 0.013 -15"><span class='ocrx_word' id='word_1_41' title='bbox 188 881 229 945; x_wconf 80' lang='lat' dir='ltr'>Tu</span> <span class='ocrx_word' id='word_1_42' title='bbox 239 883 292 948; x_wconf 79' lang='lat' dir='ltr'>iuris</span> <span class='ocrx_word' id='word_1_43' title='bbox 303 883 379 938; x_wconf 83' lang='lat' dir='ltr'>modi&gt;</span> <span class='ocrx_word' id='word_1_44' title='bbox 389 884 517 942; x_wconf 81' lang='lat' dir='ltr'>consultus,</span> <span class='ocrx_word' id='word_1_45' title='bbox 529 887 559 939; x_wconf 89' lang='lat' dir='ltr'>sis</span> <span class='ocrx_word' id='word_1_46' title='bbox 571 889 628 940; x_wconf 87' lang='lat' dir='ltr'>ruris</span> <span class='ocrx_word' id='word_1_47' title='bbox 639 901 729 947; x_wconf 84' lang='lat' dir='ltr'>arator,</span> <span class='ocrx_word' id='word_1_48' title='bbox 806 893 810 902; x_wconf 91' lang='grc'><strong><em>’</em></strong></span> 
     </span>
     <span class='ocr_line' id='line_1_9' title="bbox 187 967 811 1039; baseline 0.005 -16"><span class='ocrx_word' id='word_1_49' title='bbox 187 967 283 1039; x_wconf 79' lang='lat' dir='ltr'>Proque</span> <span class='ocrx_word' id='word_1_50' title='bbox 298 971 374 1039; x_wconf 85' lang='lat' dir='ltr'>siylo.</span> <span class='ocrx_word' id='word_1_51' title='bbox 388 972 469 1025; x_wconf 83' lang='lat' dir='ltr'>siluam</span> <span class='ocrx_word' id='word_1_52' title='bbox 478 973 570 1027; x_wconf 80' lang='lat' dir='ltr'>traiies.</span> <span class='ocrx_word' id='word_1_53' title='bbox 581 973 700 1036; x_wconf 82' lang='lat' dir='ltr'>Palinure,</span> <span class='ocrx_word' id='word_1_54' title='bbox 711 975 798 1029; x_wconf 88' lang='lat' dir='ltr'>triremi</span> <span class='ocrx_word' id='word_1_55' title='bbox 809 989 811 992; x_wconf 89' lang='lat'>·</span> 
     </span>
     <span class='ocr_line' id='line_1_10' title="bbox 189 1057 787 1130; baseline 0.01 -20"><span class='ocrx_word' id='word_1_56' title='bbox 189 1057 319 1122; x_wconf 59' lang='lat' dir='ltr'>Discedam</span> <span class='ocrx_word' id='word_1_57' title='bbox 328 1060 354 1111; x_wconf 79' lang='lat' dir='ltr'>dr</span> <span class='ocrx_word' id='word_1_58' title='bbox 365 1070 404 1122; x_wconf 88' lang='lat' dir='ltr'>tu,</span> <span class='ocrx_word' id='word_1_59' title='bbox 415 1057 516 1123; x_wconf 69' lang='lat' dir='ltr'>Frater,</span> <span class='ocrx_word' id='word_1_60' title='bbox 528 1061 573 1126; x_wconf 78' lang='lat' dir='ltr'>iam</span> <span class='ocrx_word' id='word_1_61' title='bbox 585 1061 662 1130; x_wconf 88' lang='lat' dir='ltr'>linque</span> <span class='ocrx_word' id='word_1_62' title='bbox 671 1062 766 1114; x_wconf 89' lang='lat' dir='ltr'>tribunal</span> <span class='ocrx_word' id='word_1_63' title='bbox 778 1075 787 1118; x_wconf 73' lang='lat'>3</span> 
     </span>
     <span class='ocr_line' id='line_1_11' title="bbox 190 1145 859 1218; baseline 0 -16"><span class='ocrx_word' id='word_1_64' title='bbox 190 1145 276 1202; x_wconf 82' lang='lat' dir='ltr'>Subula</span> <span class='ocrx_word' id='word_1_65' title='bbox 286 1161 309 1202; x_wconf 88' lang='lat' dir='ltr'>te</span> <span class='ocrx_word' id='word_1_66' title='bbox 320 1147 421 1210; x_wconf 86' lang='lat' dir='ltr'>deceat,</span> <span class='ocrx_word' id='word_1_67' title='bbox 431 1149 518 1201; x_wconf 89' lang='lat' dir='ltr'>scutum</span> <span class='ocrx_word' id='word_1_68' title='bbox 529 1150 590 1202; x_wconf 86' lang='lat' dir='ltr'>hunc</span> <span class='ocrx_word' id='word_1_69' title='bbox 602 1164 611 1206; x_wconf 76' lang='lat' dir='ltr'>a</span> <span class='ocrx_word' id='word_1_70' title='bbox 623 1151 676 1216; x_wconf 88' lang='lat' dir='ltr'>quin</span> <span class='ocrx_word' id='word_1_71' title='bbox 686 1165 761 1218; x_wconf 78' lang='lat' dir='ltr'>ocyus</span> <span class='ocrx_word' id='word_1_72' title='bbox 771 1151 824 1202; x_wconf 88' lang='lat' dir='ltr'>irinc</span> <span class='ocrx_word' id='word_1_73' title='bbox 833 1149 859 1202; x_wconf 80' lang='lat' dir='ltr'>dt</span> 
     </span>
     <span class='ocr_line' id='line_1_12' title="bbox 189 1234 911 1302; baseline 0.004 -16"><span class='ocrx_word' id='word_1_74' title='bbox 189 1234 251 1302; x_wconf 76' lang='lat' dir='ltr'>liine</span> <span class='ocrx_word' id='word_1_75' title='bbox 261 1237 394 1302; x_wconf 85' lang='lat' dir='ltr'>permutatis</span> <span class='ocrx_word' id='word_1_76' title='bbox 410 1235 518 1289; x_wconf 86' lang='lat' dir='ltr'>discedite</span> <span class='ocrx_word' id='word_1_77' title='bbox 529 1236 639 1302; x_wconf 75' lang='lat' dir='ltr'>putidus,</span> <span class='ocrx_word' id='word_1_78' title='bbox 652 1237 712 1301; x_wconf 78' lang='lat' dir='ltr'>Eia,</span> <span class='ocrx_word' id='word_1_79' title='bbox 908 1235 911 1238; x_wconf 81' lang='grc'><strong>’</strong></span> 
     </span>
     <span class='ocr_line' id='line_1_13' title="bbox 190 1305 729 1392; baseline 0.004 -19"><span class='ocrx_word' id='word_1_80' title='bbox 190 1305 259 1390; x_wconf 78' lang='lat' dir='ltr'>Quid</span> <span class='ocrx_word' id='word_1_81' title='bbox 268 1322 328 1374; x_wconf 84' lang='lat' dir='ltr'>siatis</span> <span class='ocrx_word' id='word_1_82' title='bbox 339 1321 350 1373; x_wconf 80' lang='lat' dir='ltr'>i</span> <span class='ocrx_word' id='word_1_83' title='bbox 360 1322 443 1374; x_wconf 82' lang='lat' dir='ltr'>Dubiae</span> <span class='ocrx_word' id='word_1_84' title='bbox 451 1325 519 1375; x_wconf 87' lang='lat' dir='ltr'>sortis</span> <span class='ocrx_word' id='word_1_85' title='bbox 527 1323 641 1390; x_wconf 83' lang='lat' dir='ltr'>percellet</span> <span class='ocrx_word' id='word_1_86' title='bbox 651 1325 729 1392; x_wconf 84' lang='lat' dir='ltr'>imago</span> 
     </span>
     <span class='ocr_line' id='line_1_14' title="bbox 190 1403 718 1476; baseline 0.008 -14"><span class='ocrx_word' id='word_1_87' title='bbox 190 1408 328 1470; x_wconf 76' lang='lat' dir='ltr'>Attonitos,</span> <span class='ocrx_word' id='word_1_88' title='bbox 339 1409 419 1461; x_wconf 90' lang='lat' dir='ltr'>nolent</span> <span class='ocrx_word' id='word_1_89' title='bbox 427 1403 499 1476; x_wconf 86' lang='lat' dir='ltr'>prisca&#39;</span> <span class='ocrx_word' id='word_1_90' title='bbox 510 1411 606 1463; x_wconf 84' lang='lat' dir='ltr'>siatione</span> <span class='ocrx_word' id='word_1_91' title='bbox 617 1413 718 1466; x_wconf 85' lang='lat' dir='ltr'>moueri.</span> 
     </span>
    </p>

    <p class='ocr_par' dir='ltr' id='par_1_2' title="bbox 191 1499 912 1791">
     <span class='ocr_line' id='line_1_15' title="bbox 229 1499 912 1573; baseline 0.007 -19"><span class='ocrx_word' id='word_1_92' title='bbox 229 1502 270 1554; x_wconf 85' lang='lat' dir='ltr'>Ira</span> <span class='ocrx_word' id='word_1_93' title='bbox 284 1500 412 1554; x_wconf 84' lang='lat' dir='ltr'>mimirum</span> <span class='ocrx_word' id='word_1_94' title='bbox 431 1501 557 1556; x_wconf 82' lang='lat' dir='ltr'>secundus</span> <span class='ocrx_word' id='word_1_95' title='bbox 569 1501 633 1568; x_wconf 88' lang='lat' dir='ltr'>ille,</span> <span class='ocrx_word' id='word_1_96' title='bbox 648 1502 738 1573; x_wconf 77' lang='lat' dir='ltr'>phrasi</span> <span class='ocrx_word' id='word_1_97' title='bbox 757 1499 912 1572; x_wconf 55' lang='lat' dir='ltr'>iuuuriorig</span> 
     </span>
     <span class='ocr_line' id='line_1_16' title="bbox 191 1573 911 1715; baseline 0.003 -15"><span class='ocrx_word' id='word_1_98' title='bbox 191 1588 274 1700; x_wconf 49' lang='lat'><strong>:31⁶1</strong></span> <span class='ocrx_word' id='word_1_99' title='bbox 289 1573 707 1702; x_wconf 47' lang='lat' dir='ltr'>nbeeffiimssr&#39;nluuge‘rulmgffirgte</span> <span class='ocrx_word' id='word_1_100' title='bbox 717 1577 863 1715; x_wconf 44' lang='lat' dir='ltr'>‚ngieiipocg</span> <span class='ocrx_word' id='word_1_101' title='bbox 882 1577 911 1702; x_wconf 52' lang='lat' dir='ltr'>ist:</span> 
     </span>
     <span class='ocr_line' id='line_1_17' title="bbox 193 1662 912 1791; baseline 0.004 -20"><span class='ocrx_word' id='word_1_102' title='bbox 193 1720 227 1771; x_wconf 83' lang='lat' dir='ltr'>ab</span> <span class='ocrx_word' id='word_1_103' title='bbox 241 1662 327 1772; x_wconf 43' lang='lat' dir='ltr'>desert</span> <span class='ocrx_word' id='word_1_104' title='bbox 341 1719 371 1772; x_wconf 90' lang='lat' dir='ltr'>in</span> <span class='ocrx_word' id='word_1_105' title='bbox 386 1720 440 1772; x_wconf 87' lang='lat' dir='ltr'>hoc</span> <span class='ocrx_word' id='word_1_106' title='bbox 462 1719 590 1773; x_wconf 89' lang='lat' dir='ltr'>scribendi</span> <span class='ocrx_word' id='word_1_107' title='bbox 614 1667 711 1791; x_wconf 64' lang='lat' dir='ltr'>gegnere</span> <span class='ocrx_word' id='word_1_108' title='bbox 727 1722 912 1775; x_wconf 85' lang='lat' dir='ltr'>discedendum</span> 
     </span>
    </p>
   </div>
   <div class='ocr_carea' id='block_1_2' title="bbox 194 1791 912 1856">
    <p class='ocr_par' dir='ltr' id='par_1_3' title="bbox 194 1791 912 1856">
     <span class='ocr_line' id='line_1_18' title="bbox 194 1791 912 1856; baseline 0.003 -12"><span class='ocrx_word' id='word_1_109' title='bbox 194 1791 250 1856; x_wconf 87' lang='lat' dir='ltr'>sit,</span> <span class='ocrx_word' id='word_1_110' title='bbox 269 1809 330 1846; x_wconf 87' lang='lat' dir='ltr'>meo</span> <span class='ocrx_word' id='word_1_111' title='bbox 348 1791 457 1846; x_wconf 84' lang='lat' dir='ltr'>arbitrio</span> <span class='ocrx_word' id='word_1_112' title='bbox 476 1793 618 1845; x_wconf 84' lang='lat' dir='ltr'>Horatium</span> <span class='ocrx_word' id='word_1_113' title='bbox 636 1795 751 1848; x_wconf 86' lang='lat' dir='ltr'>deseram</span> <span class='ocrx_word' id='word_1_114' title='bbox 767 1813 776 1853; x_wconf 76' lang='lat' dir='ltr'>a</span> <span class='ocrx_word' id='word_1_115' title='bbox 794 1795 912 1848; x_wconf 79' lang='lat' dir='ltr'>Juvena-</span> 
     </span>
    </p>
   </div>
   <div class='ocr_carea' id='block_1_3' title="bbox 195 1865 911 2004">
    <p class='ocr_par' dir='ltr' id='par_1_4' title="bbox 195 1865 911 2004">
     <span class='ocr_line' id='line_1_19' title="bbox 195 1865 911 1938; baseline 0.006 -22"><span class='ocrx_word' id='word_1_116' title='bbox 195 1865 269 1927; x_wconf 78' lang='lat' dir='ltr'>lem,</span> <span class='ocrx_word' id='word_1_117' title='bbox 285 1865 329 1916; x_wconf 88' lang='lat' dir='ltr'>sed</span> <span class='ocrx_word' id='word_1_118' title='bbox 353 1879 441 1918; x_wconf 84' lang='lat' dir='ltr'>tamen</span> <span class='ocrx_word' id='word_1_119' title='bbox 459 1865 490 1918; x_wconf 80' lang='lat' dir='ltr'>ab</span> <span class='ocrx_word' id='word_1_120' title='bbox 514 1865 688 1919; x_wconf 83' lang='lat' dir='ltr'>obscoenitate</span> <span class='ocrx_word' id='word_1_121' title='bbox 714 1882 911 1938; x_wconf 73' lang='lat' dir='ltr'>expurgatum,</span> 
     </span>
     <span class='ocr_line' id='line_1_20' title="bbox 197 1936 350 2004; baseline 0.007 -15"><span class='ocrx_word' id='word_1_122' title='bbox 197 1936 350 2004; x_wconf 69' lang='lat' dir='ltr'>amplediar.</span> 
     </span>
    </p>
   </div>
   <div class='ocr_carea' id='block_1_4' title="bbox 196 2007 912 2149">
    <p class='ocr_par' dir='ltr' id='par_1_5' title="bbox 196 2007 912 2149">
     <span class='ocr_line' id='line_1_21' title="bbox 233 2007 912 2083; baseline 0.01 -25"><span class='ocrx_word' id='word_1_123' title='bbox 233 2008 285 2059; x_wconf 86' lang='lat' dir='ltr'>iiic</span> <span class='ocrx_word' id='word_1_124' title='bbox 309 2007 414 2064; x_wconf 85' lang='lat' dir='ltr'>Persius</span> <span class='ocrx_word' id='word_1_125' title='bbox 432 2025 516 2062; x_wconf 83' lang='lat' dir='ltr'>raram</span> <span class='ocrx_word' id='word_1_126' title='bbox 536 2010 724 2083; x_wconf 74' lang='lat' dir='ltr'>obscurumque</span> <span class='ocrx_word' id='word_1_127' title='bbox 746 2013 832 2067; x_wconf 82' lang='lat' dir='ltr'>mtrlto</span> <span class='ocrx_word' id='word_1_128' title='bbox 853 2027 912 2065; x_wconf 83' lang='lat' dir='ltr'>ma·</span> 
     </span>
     <span class='ocr_line' id='line_1_22' title="bbox 196 2077 902 2149; baseline 0.02 -19"><span class='ocrx_word' id='word_1_129' title='bbox 196 2077 239 2149; x_wconf 81' lang='lat' dir='ltr'>gis</span> <span class='ocrx_word' id='word_1_130' title='bbox 256 2080 405 2134; x_wconf 83' lang='lat' dir='ltr'>orationem</span> <span class='ocrx_word' id='word_1_131' title='bbox 424 2082 627 2139; x_wconf 71' lang='lat' dir='ltr'>cousesiabirur.</span> <span class='ocrx_word' id='word_1_132' title='bbox 899 2105 902 2112; x_wconf 86' lang='grc'>’</span> 
     </span>
    </p>
   </div>
   <div class='ocr_carea' id='block_1_5' title="bbox 192 2170 910 2509">
    <p class='ocr_par' dir='ltr' id='par_1_6' title="bbox 192 2170 910 2509">
     <span class='ocr_line' id='line_1_23' title="bbox 192 2170 728 2246; baseline 0.011 -22"><span class='ocrx_word' id='word_1_133' title='bbox 192 2170 236 2224; x_wconf 88' lang='lat' dir='ltr'>ilia</span> <span class='ocrx_word' id='word_1_134' title='bbox 246 2171 387 2238; x_wconf 86' lang='lat' dir='ltr'>querelarum</span> <span class='ocrx_word' id='word_1_135' title='bbox 398 2172 485 2226; x_wconf 79' lang='lat' dir='ltr'>scabies</span> <span class='ocrx_word' id='word_1_136' title='bbox 496 2176 566 2228; x_wconf 91' lang='lat' dir='ltr'>multa</span> <span class='ocrx_word' id='word_1_137' title='bbox 575 2191 617 2229; x_wconf 86' lang='lat' dir='ltr'>ora</span> <span class='ocrx_word' id='word_1_138' title='bbox 630 2177 728 2246; x_wconf 78' lang='lat' dir='ltr'>setiger,</span> 
     </span>
     <span class='ocr_line' id='line_1_24' title="bbox 193 2251 727 2334; baseline 0.007 -20"><span class='ocrx_word' id='word_1_139' title='bbox 193 2258 226 2314; x_wconf 79' lang='lat' dir='ltr'>Et</span> <span class='ocrx_word' id='word_1_140' title='bbox 234 2257 309 2321; x_wconf 77' lang='lat' dir='ltr'>rann,</span> <span class='ocrx_word' id='word_1_141' title='bbox 318 2262 427 2328; x_wconf 87' lang='lat' dir='ltr'>quamvis·</span> <span class='ocrx_word' id='word_1_142' title='bbox 436 2261 496 2315; x_wconf 90' lang='lat' dir='ltr'>sandi</span> <span class='ocrx_word' id='word_1_143' title='bbox 504 2251 617 2332; x_wconf 80' lang='lat' dir='ltr'>prurigine</span> <span class='ocrx_word' id='word_1_144' title='bbox 627 2265 727 2334; x_wconf 84' lang='lat' dir='ltr'>linguam</span> 
     </span>
     <span class='ocr_line' id='line_1_25' title="bbox 195 2347 910 2429; baseline 0.01 -29"><span class='ocrx_word' id='word_1_145' title='bbox 195 2347 774 2419; x_wconf 74' lang='lat' dir='ltr'>vmrileraccenramstedentmponatmamatd,</span> <span class='ocrx_word' id='word_1_146' title='bbox 907 2416 910 2429; x_wconf 86' lang='lat'>.</span> 
     </span>
     <span class='ocr_line' id='line_1_26' title="bbox 195 2433 910 2509; baseline 0.01 -21"><span class='ocrx_word' id='word_1_147' title='bbox 195 2433 250 2509; x_wconf 67' lang='lat' dir='ltr'>Nec</span> <span class='ocrx_word' id='word_1_148' title='bbox 259 2435 323 2490; x_wconf 81' lang='lat' dir='ltr'>Deus</span> <span class='ocrx_word' id='word_1_149' title='bbox 334 2435 428 2490; x_wconf 86' lang='lat' dir='ltr'>abnutet</span> <span class='ocrx_word' id='word_1_150' title='bbox 439 2451 548 2491; x_wconf 86' lang='lat' dir='ltr'>votorum</span> <span class='ocrx_word' id='word_1_151' title='bbox 561 2441 650 2507; x_wconf 86' lang='lat' dir='ltr'>pinguia</span> <span class='ocrx_word' id='word_1_152' title='bbox 663 2441 754 2504; x_wconf 83' lang='lat' dir='ltr'>Crasso,</span> <span class='ocrx_word' id='word_1_153' title='bbox 771 2441 823 2495; x_wconf 78' lang='lat' dir='ltr'>dre.</span> <span class='ocrx_word' id='word_1_154' title='bbox 906 2485 910 2506; x_wconf 86' lang='lat'><em>,</em></span> 
     </span>
    </p>
   </div>
   <div class='ocr_carea' id='block_1_6' title="bbox 197 2528 913 2672">
    <p class='ocr_par' dir='ltr' id='par_1_7' title="bbox 197 2528 913 2672">
     <span class='ocr_line' id='line_1_27' title="bbox 233 2528 913 2600; baseline 0.009 -19"><span class='ocrx_word' id='word_1_155' title='bbox 233 2528 336 2582; x_wconf 81' lang='lat' dir='ltr'>Veniam</span> <span class='ocrx_word' id='word_1_156' title='bbox 348 2529 412 2600; x_wconf 87' lang='lat' dir='ltr'>quid</span> <span class='ocrx_word' id='word_1_157' title='bbox 426 2530 493 2583; x_wconf 85' lang='lat' dir='ltr'>meis</span> <span class='ocrx_word' id='word_1_158' title='bbox 503 2531 594 2584; x_wconf 86' lang='lat' dir='ltr'>verbis</span> <span class='ocrx_word' id='word_1_159' title='bbox 603 2531 675 2585; x_wconf 87' lang='lat' dir='ltr'>illius</span> <span class='ocrx_word' id='word_1_160' title='bbox 690 2548 773 2600; x_wconf 84' lang='lat' dir='ltr'>pergo</span> <span class='ocrx_word' id='word_1_161' title='bbox 784 2531 913 2587; x_wconf 75' lang='lat' dir='ltr'>scribendi</span> 
     </span>
     <span class='ocr_line' id='line_1_28' title="bbox 197 2598 912 2672; baseline 0.004 -17"><span class='ocrx_word' id='word_1_162' title='bbox 197 2598 298 2670; x_wconf 75' lang='lat' dir='ltr'>fingere</span> <span class='ocrx_word' id='word_1_163' title='bbox 314 2602 433 2654; x_wconf 85' lang='lat' dir='ltr'>indolem</span> <span class='ocrx_word' id='word_1_164' title='bbox 445 2605 589 2670; x_wconf 77' lang='lat' dir='ltr'>lloqua&#39;rur</span> <span class='ocrx_word' id='word_1_165' title='bbox 605 2604 659 2672; x_wconf 88' lang='lat' dir='ltr'>ipse</span> <span class='ocrx_word' id='word_1_166' title='bbox 669 2604 774 2656; x_wconf 83' lang='lat' dir='ltr'>Persius</span> <span class='ocrx_word' id='word_1_167' title='bbox 786 2605 814 2655; x_wconf 88' lang='lat' dir='ltr'>in</span> <span class='ocrx_word' id='word_1_168' title='bbox 826 2605 912 2659; x_wconf 85' lang='lat' dir='ltr'>simili</span> 
     </span>
    </p>
   </div>
   <div class='ocr_carea' id='block_1_7' title="bbox 198 2675 912 2800">
    <p class='ocr_par' dir='ltr' id='par_1_8' title="bbox 198 2675 912 2800">
     <span class='ocr_line' id='line_1_29' title="bbox 198 2675 912 2796; baseline 0.008 -72"><span class='ocrx_word' id='word_1_169' title='bbox 198 2677 393 2796; x_wconf 67' lang='lat' dir='ltr'>prlopemodum</span> <span class='ocrx_word' id='word_1_170' title='bbox 410 2675 520 2726; x_wconf 67' lang='lat' dir='ltr'>materia</span> <span class='ocrx_word' id='word_1_171' title='bbox 539 2676 626 2743; x_wconf 78' lang='lat' dir='ltr'>Smyr.</span> <span class='ocrx_word' id='word_1_172' title='bbox 646 2689 680 2739; x_wconf 76' lang='grc' dir='ltr'>ς,</span> <span class='ocrx_word' id='word_1_173' title='bbox 698 2677 730 2728; x_wconf 93' lang='lat' dir='ltr'>de</span> <span class='ocrx_word' id='word_1_174' title='bbox 742 2676 818 2730; x_wconf 80' lang='lat' dir='ltr'>votis</span> <span class='ocrx_word' id='word_1_175' title='bbox 836 2693 912 2730; x_wconf 78' lang='lat' dir='ltr'>mor-</span> 
     </span>
     <span class='ocr_line' id='line_1_30' title="bbox 200 2756 304 2800; baseline 0.038 -4"><span class='ocrx_word' id='word_1_176' title='bbox 200 2756 227 2796; x_wconf 85' lang='lat' dir='ltr'>ta</span> <span class='ocrx_word' id='word_1_177' title='bbox 238 2761 304 2800; x_wconf 84' lang='lat' dir='ltr'>rum.</span> 
     </span>
    </p>
   </div>
   <div class='ocr_carea' id='block_1_8' title="bbox 197 2833 819 2908">
    <p class='ocr_par' dir='ltr' id='par_1_9' title="bbox 197 2833 819 2908">
     <span class='ocr_line' id='line_1_31' title="bbox 197 2833 819 2908; baseline 0.008 -20"><span class='ocrx_word' id='word_1_178' title='bbox 197 2833 245 2890; x_wconf 79' lang='lat' dir='ltr'>iiic</span> <span class='ocrx_word' id='word_1_179' title='bbox 255 2837 314 2891; x_wconf 83' lang='lat' dir='ltr'>satur</span> <span class='ocrx_word' id='word_1_180' title='bbox 323 2835 407 2903; x_wconf 81' lang='lat' dir='ltr'>irriguo</span> <span class='ocrx_word' id='word_1_181' title='bbox 417 2833 506 2908; x_wconf 84' lang='lat' dir='ltr'>mavult</span> <span class='ocrx_word' id='word_1_182' title='bbox 514 2833 642 2902; x_wconf 81' lang='lat' dir='ltr'>turgescere</span> <span class='ocrx_word' id='word_1_183' title='bbox 652 2836 751 2904; x_wconf 78' lang='lat' dir='ltr'>somno,</span> <span class='ocrx_word' id='word_1_184' title='bbox 812 2899 819 2906; x_wconf 17' lang='grc' dir='ltr'>,Α</span> 
     </span>
    </p>
   </div>
   <div class='ocr_carea' id='block_1_9' title="bbox 0 0 1069 3652">
    <p class='ocr_par' dir='ltr' id='par_1_10' title="bbox 0 0 1069 3652">
     <span class='ocr_line' id='line_1_32' title="bbox 0 0 1069 3652; baseline 0 0"><span class='ocrx_word' id='word_1_185' title='bbox 0 0 1069 3652; x_wconf 95' lang='lat' dir='ltr'> </span> 
     </span>
    </p>
   </div>
  </div>
 </body>
</html>
