2076 3652
337 303 623 373 Pousis
814 327 837 400 7

117 429 178 482 lcm
205 423 336 479 abiionem
363 424 471 494 excipio
498 462 507 487 ,
532 441 590 492 quae
615 439 651 477 ex
678 437 770 478 nanrra
792 427 837 478 sua

118 502 214 569 plures
229 499 330 568 exigit,
353 514 382 550 ut
401 499 425 550 si
442 500 575 562 duorum,
593 497 700 567 Pyladis
718 517 746 550 v.
765 516 790 568 g.
811 500 838 550 &

117 571 227 624 Orestis
239 611 245 635 ,
261 572 406 624 indivulsus
417 587 464 639 per
475 585 583 622 omnem
594 571 729 623 fortunam
745 588 839 635 amor,

121 659 267 713 mutuaque
288 644 353 698 fides
375 645 534 712 exponenda
553 642 626 696 effer.
654 645 721 710 Quae
745 645 838 696 eadent

121 717 153 769 in
173 718 285 770 Jonatha
310 719 335 770 ἃ
352 717 461 769 Davide
480 717 562 784 usque
581 718 613 769 ad
634 716 838 770 admirationem

122 789 243 855 eminet,
259 805 337 859 atque
355 805 497 858 utrumque
512 806 546 841 ex
559 807 637 859 aequo
652 790 782 844 involvit.

163 865 206 928 3⁹.
217 865 371 932 Requititur
380 877 411 914 ut
421 864 452 913 sit
461 863 603 926 verisimilis,
614 863 641 914 id
650 863 686 916 est
695 864 765 928 talis,
777 881 836 932 quae

121 951 159 988 ex
174 937 201 988 se
213 937 327 1005 speciem
342 935 465 988 veritatis
475 937 571 987 habere
581 936 702 988 videatur
713 975 721 999 ,
733 935 839 988 etiamsi

121 1008 211 1078 reipsa
230 1008 294 1062 effet
319 1009 391 1061 inter
414 1009 537 1076 adynata.
565 1007 637 1059 ilinc
656 1007 735 1059 Arist.
761 1025 786 1061 c.
810 1022 838 1072 9.

121 1082 177 1134 hoc
195 1082 266 1135 inter
281 1081 437 1134 historicum
458 1081 609 1146 &poetam
629 1079 770 1132 discrimen
790 1078 841 1130 sta-

124 1155 195 1219 tuit,
216 1157 280 1224 qubd
301 1155 421 1218 historicus
442 1171 470 1202 ee
495 1167 576 1202 narret
599 1171 647 1219 que
670 1151 737 1220 sac'ie
755 1151 840 1220 fient„

122 1245 197 1296 poeta
218 1229 275 1278 verb
293 1228 374 1294 puelia
384 1226 443 1296 fieri
460 1241 597 1294 potuerunt.
615 1226 647 1276 Et
666 1241 722 1294 cap.
741 1239 773 1286 2]
791 1227 842 1276 do·

125 1315 170 1352 cet
183 1318 238 1368 prae
254 1299 307 1352 illis
323 1317 382 1368 quae
397 1297 455 1352 lieri
471 1297 597 1366 poliunt,
617 1300 643 1350 δι
659 1312 748 1351 tamen
766 1298 841 1350 veri-

126 1372 225 1436 similia
244 1390 301 1426 noo
318 1373 395 1437 sunt,
414 1389 523 1441 oportere
543 1373 629 1441 eligere
645 1374 727 1440 potitis
749 1390 842 1439 eaque

119 1446 181 1514 fieri
199 1461 334 1512 nequeunt,
354 1448 374 1496 ti
389 1446 527 1496 verisimilia
545 1447 601 1496 tint.
624 1443 842 1496 verisimilitudo

125 1533 216 1569 autern
225 1519 324 1584 duplex
335 1517 386 1580 est,
398 1516 531 1568 Historica
546 1517 645 1568 scilicet
657 1556 665 1580 ,
678 1535 736 1586 quae
748 1515 788 1568 est
800 1533 844 1570 re·

126 1606 187 1642 rum
198 1589 280 1656 p'rout
290 1589 414 1639 videntur
422 1587 473 1639 elle
487 1587 561 1656 gestae
572 1627 580 1651 ,
593 1589 731 1657 expositio
742 1607 750 1649 3
767 1590 793 1641 δι
802 1589 843 1642 Fi·

127 1675 239 1730 gurata,
256 1675 314 1726 quae
325 1659 362 1710 est
376 1676 464 1710 rerum
476 1659 621 1726 symbolice
636 1660 844 1729 significatarum

129 1733 251 1800 quaedam
258 1733 333 1782 velut
341 1731 441 1800 imago.
453 1730 529 1781 Prior
539 1730 584 1782 illa
592 1732 800 1785 verisimilitudo
812 1735 845 1786 ad

129 1802 266 1856 atilionem
283 1803 395 1870 primam
414 1801 625 1871 praecipuamque
643 1804 781 1872 Epopoeiae
802 1821 846 1858 re-

129 1875 263 1946 quiritur:
275 1893 357 1944 quutn
367 1875 403 1928 sit
411 1875 494 1928 totius
505 1874 561 1940 ejus
570 1877 680 1944 poesios
692 1876 845 1928 fundamen·

128 1964 188 2002 tum
198 1989 207 2014 ,
219 1952 291 2018 quod
301 1988 309 2013 ,
320 1949 344 2001 si
354 1949 383 2002 in
392 1949 529 2002 substantia
539 1947 630 2002 fitium
640 1947 691 2002 effe
703 1965 827 2018 appareat
838 1989 847 2015 ,

128 2025 163 2076 ad
172 2022 282 2076 virtutis
293 2023 439 2092 propositae
454 2023 657 2076 admirationem
674 2039 847 2093 amoremque

127 2113 230 2166 paucos
243 2097 368 2150 excitabit
378 2115 387 2156 ·,
397 2113 479 2164 quum
490 2097 578 2150 levitis
591 2096 677 2150 multb
689 2096 845 2167 intingere,

129 2169 211 2238 quim
220 2170 316 2223 facere.
329 2169 420 2239 Exigit
431 2170 513 2238 iginrt
528 2171 605 2222 Arist.
619 2187 643 2224 c.
664 2185 707 2234 17,
719 2185 750 2222 ut
765 2169 847 2222 abio·

130 2258 194 2294 nem
218 2242 341 2296 omnibus
364 2245 486 2294 nudatam
506 2243 633 2310 episodiis
651 2281 659 2306 ,
680 2243 774 2310 quibus
798 2260 847 2310 per

132 2313 269 2368 fibiionem
290 2314 447 2378 extollitur,
465 2330 524 2368 tum
540 2314 593 2366 suis
609 2315 689 2367 etiarn
707 2315 847 2382 spoliatam

133 2389 304 2450 nominibus,
323 2401 353 2439 ut
369 2405 383 2439 a
398 2387 599 2456 particularibus
616 2387 738 2439 abstraiba
754 2388 848 2455 perso·

133 2461 176 2514 nis
194 2461 247 2524 sit,
264 2458 390 2514 universi
407 2459 605 2513 consideremus
615 2478 623 2520 ·‚
635 2459 674 2510 ita
692 2460 782 2522 enirn,
801 2476 848 2512 cu·

133 2531 249 2598 jusmodi
264 2549 300 2586 ex
314 2532 360 2584 sua
379 2532 425 2584 illa
439 2547 533 2584 natura
549 2531 607 2595 sit,
624 2531 728 2584 facilius
748 2531 850 2584 eluces·

81 2655 83 2670 ,
134 2621 196 2670 cet,
212 2623 242 2659 ac
257 2606 352 2659 deinde
366 2603 496 2668 adjunctis
515 2621 691 2676 congruenter
707 2613 850 2658 ornamen-

135 2678 171 2732 tis
183 2679 269 2748 aptiits
286 2677 508 2732 cohonestabitm.
524 2680 565 2732 lta
581 2677 747 2732 substantiam
765 2677 850 2732 aiiio.

40 2796 42 2801 .
135 2751 177 2804 nis
190 2752 220 2803 in
236 2749 352 2822 Odyffea
363 2753 443 2806 nobis
454 2749 531 2807 Arist.
548 2752 612 2806 ibid.
626 2752 766 2822 proponit.
786 2753 860 2826 Qui·

136 2827 203 2886 dam,
219 2824 269 2888 ait,
281 2843 377 2895 peregre
385 2823 502 2894 profeiius
515 2827 537 2876 θ
549 2825 619 2895 elaffr
630 2845 658 2876 ac
669 2825 743 2893 sociis
752 2845 797 2895 per
807 2846 851 2875 va-

136 2898 173 2949 rie
189 2897 315 2968 naufragia
337 2913 439 2956 exutus,
460 2901 546 2952 multos
563 2918 638 2951 annos
657 2899 743 3022 εἴτε
759 2902 827 2950 domo
841 2917 859 2962 ς,
