2040 3644
212 222 303 304 208
380 207 791 294 Pinianus

208 373 286 427 Tunc
298 371 378 426 etiam
386 409 394 436 ,
403 370 464 426 cum
475 371 539 424 dura
553 368 625 436 jures
633 385 833 438 3quaecumque
846 381 965 438 putantur

208 469 322 539 Aspera,
333 470 421 536 mollit
429 485 505 522 amor
514 487 523 528 ·,
533 467 628 537 rigidas
641 465 671 517 in
680 465 799 518 crimina
807 483 916 535 poenas

209 567 389 634 Quantumvis
399 565 602 628 offensamanus
614 561 767 632 distringat,
780 581 884 616 amare

208 664 330 718 crederis
339 703 347 728 ,
356 665 382 716 &
390 662 494 715 rantum
503 677 589 716 noxas
599 658 681 713 odisse
694 662 848 714 maloriun.

208 761 357 823 Nimirum,
369 758 496 812 Dominis
506 735 643 812 tolerenda
652 755 749 830 iniuria
759 773 821 810 non
834 757 882 810 est
894 775 905 816 ς

210 858 279 911 Cum
290 858 366 910 fovet
378 855 516 927 indulgens
525 855 630 908 sceleris
640 853 770 923 parientia
780 854 865 908 vires
876 893 885 917 ,

208 953 343 1024 Impunita
354 952 434 1007 trahit
445 952 529 1006 socias
540 950 645 1004 audacia
655 967 753 1004 noxas.

211 1052 299 1118 Quam
311 1051 379 1104 lenis
389 1049 521 1104 medicina
531 1047 638 1117 nequir,
651 1049 694 1099 dat
705 1047 775 1114 saepe
786 1047 907 1101 salutem

210 1148 286 1200 Dura
294 1163 387 1200 manus
396 1165 404 1206 3
412 1146 526 1216 rigidum
536 1145 604 1198 secar
613 1143 701 1196 ulcera
710 1143 821 1212 putrida
831 1144 945 1214 ferrum,

210 1243 399 1314 Perfusumque
408 1242 567 1308 acrivulnus
579 1239 702 1294 coalescit
713 1255 807 1294 aceto.
992 1288 993 1328 q

209 1337 861 1412 Necmorbisunuminge'niunrest,necmoribus
870 1353 956 1394 unum
993 1352 995 1434 q

211 1437 290 1488 Certa
299 1434 352 1488 suis
362 1435 398 1488 est
407 1436 487 1488 herba
498 1434 585 1488 malis.
597 1435 665 1500 Qua
677 1433 809 1488 mollibus
821 1452 888 1488 aura
995 1478 996 1490 ,

211 1531 342 1585 Imbribus
352 1547 455 1586 arentes
469 1547 554 1602 nuper
563 1532 692 1586 ditaverat
704 1548 805 1602 agros,

210 1629 289 1682 Nune
298 1629 351 1682 ruit
361 1630 513 1700 importuna
523 1630 595 1684 satis.
609 1627 744 1700 Aquilone
753 1629 864 1700 rigente

211 1727 287 1796 Saepe
297 1744 365 1796 opus
376 1727 421 1782 est.
433 1726 533 1782 Pestem
546 1725 665 1796 Zephyri
674 1725 776 1779 vexere
788 1727 924 1783 faventes.

209 1822 242 1874 Er
252 1824 356 1892 prodest
365 1823 481 1878 nocuisse
493 1843 572 1878 manu
581 1825 739 1894 quandoque
750 1825 859 1894 regenti
871 1865 880 1892 ,

209 1919 243 1985 Er
253 1919 359 1986 parsiffe
372 1935 459 1974 nocet.
472 1921 556 1973 Viriis
572 1921 616 1988 ubi
625 1937 735 1974 munera
746 1923 862 1988 dantur,

212 2011 338 2065 Gratuiro
348 2030 422 2066 rarus
434 2016 514 2068 fuerit
523 2015 632 2068 virtutis
645 2032 758 2068 amaror.

210 2107 321 2160 Praemia
331 2108 459 2162 virtutem
469 2124 607 2176 maneant,
621 2111 647 2164 δι
661 2110 776 2164 crimina
787 2129 891 2183 poenae.

210 2207 271 2276 Ipse
282 2205 363 2258 erinm
372 2206 465 2276 populi
477 2207 581 2272 testor,
595 2225 628 2262 ne
640 2209 749 2261 mollius
760 2209 790 2261 in
799 2211 829 2263 se

212 2303 313 2370 Urgent
324 2302 477 2370 imperium.
490 2298 591 2374 Regem
602 2321 693 2374 parere
705 2306 836 2360 decorum
848 2309 900 2374 est,

213 2397 282 2450 Cium
291 2400 364 2470 leges
374 2401 494 2452 mandata
505 2401 601 2455 ferunt.
613 2400 684 2452 Bene
695 2399 752 2466 jura
761 2375 874 2457 clientis

210 2494 341 2563 Imperat,
354 2495 511 2570 exolvirque
520 2498 604 2551 suum.
615 2498 686 2550 Bene
696 2497 801 2568 stringit
812 2501 937 2566 habenas,

184 2663 188 2670 .
210 2589 244 2642 Et
255 2591 363 2659 patitur.
372 2593 465 2646 Talem
475 2592 628 2647 Austriaden
637 2593 762 2646 miramur
772 2595 802 2646 in
812 2600 873 2650 aula
884 2637 893 2662 ,

213 2687 287 2738 Talis
298 2685 377 2737 castra
388 2690 464 2756 regit.
476 2689 576 2758 Legum
586 2692 688 2743 decreta
697 2693 828 2744 bonarum

212 2784 276 2834 Non
286 2779 369 2852 magis
381 2781 510 2851 imperio,
522 2785 638 2852 propriis
651 2785 729 2855 quim
742 2787 866 2842 moribus
877 2805 953 2864 urget.

213 2877 334 2948 Praecipir
346 2879 491 2950 exemplis,
501 2895 530 2932 ac
541 2881 601 2950 plus
611 2882 746 2962 persuader
756 2885 862 2966 ageqqo
873 2924 886 2966 ,Ι
