2086 3652
320 322 601 393 Ponsas.
773 345 817 417 ²7

104 443 214 527 aliisque
236 460 284 512 per
304 460 374 497 certa
390 443 507 516 insignia
530 427 745 514 distinguendiss
763 445 819 499 illic

105 520 137 569 ab
156 511 278 602 Hispana
297 517 382 587 gentis
408 517 531 586 Principe
548 519 696 570 Mendozio
716 519 820 586 excipi·

105 603 168 654 tur,
188 590 234 660 qui
251 590 423 643 honorarium
439 593 548 659 epulum
566 591 690 644 omnibus
709 591 821 660 prastat.
846 615 850 624 ·

142 629 201 716 Lib
214 664 257 716 60.
271 665 381 716 Carolus
392 665 464 716 haud
472 665 564 733 procul
575 663 700 719 Guleta'
693 681 722 717 ιιι
734 663 821 718 Africa

107 736 236 805 appellit,
252 737 327 788 nullo
344 752 437 789 contra
453 735 554 790 hostem
571 738 724 809 veniente,
739 751 821 806 quare

106 809 136 862 in
150 808 212 862 litus
230 809 291 862 suos
310 809 440 862 educit&
459 810 538 862 castra
556 803 688 876 metatur,
708 811 755 863 ubi
777 827 823 862 ca·

107 882 159 951 ptis
182 881 369 935 Mahonaeticae
391 882 465 934 sesiae
489 883 665 935 sacerdotibus
694 883 721 934 bc
743 899 822 952 mago

107 971 180 1018 uuo,
197 955 242 1024 qui
257 953 403 1021 multaipsi
420 954 538 1007 infelicia
553 955 705 1015 ominatus,
722 954 823 1006 summa
876 980 877 983 ¹

107 1028 242 1096 promittit
253 1067 260 1092 ,
271 1028 294 1079 si
310 1027 492 1078 Mahometem
510 1042 652 1078 veneretur
663 1045 669 1078 ι
682 1027 769 1078 Caesar
780 1027 823 1079 his

108 1099 200 1170 spretis
219 1115 326 1169 magum
345 1097 454 1152 certiori
477 1097 563 1150 exitio
584 1097 713 1162 destinat,
732 1099 824 1151 sanum

108 1173 270 1226 Mahometis
282 1171 387 1240 expiat,
399 1188 428 1224 ac
437 1171 565 1224 Micbaeli
575 1172 755 1242 Archangelo‚
768 1171 825 1226 istic

107 1245 158 1298 sibi
184 1263 245 1298 cum
262 1245 346 1298 crucis
367 1245 471 1298 vexillo
494 1245 648 1314 apparenti,
670 1245 826 1308 consecrat,

108 1317 232 1388 votisque
253 1319 280 1372 δι
294 1316 410 1380 donariis
426 1333 510 1371 ornat.
533 1329 536 1336 ’

145 1393 204 1444 Lib.
211 1393 262 1475 ‚⁷⁰·
275 1389 368 1443 Castris
378 1391 487 1460 propius
500 1390 604 1444 Gnletae
616 1391 749 1460 applicitis
760 1389 824 1444 mit·

107 1463 144 1516 tit
152 1463 394 1534 ,quideditionem
410 1464 541 1531 postulem,
554 1463 743 1532 quorejecio,
756 1480 824 1517 terra

108 1536 229 1604 marique
251 1536 364 1588 obsidet.
380 1535 530 1588 Barbaroffa
545 1537 626 1599 stitit,
642 1538 825 1606 submittitque

109 1608 269 1668 mulierem,
288 1624 346 1675 quae
367 1619 492 1674 tanquam
501 1605 659 1672 Guletana,
677 1610 754 1662 donis
776 1628 826 1662 ve·

110 1696 183 1732 neno
204 1645 280 1730 illitis
298 1679 425 1730 Caesarem
444 1681 547 1738 tollat,
564 1679 608 1731 sed
626 1681 682 1732 haec
705 1678 825 1764 aberrans

111 1751 150 1807 in
166 1750 280 1820 'persona
299 1767 394 1802 munus
416 1763 568 1822 acceptante
591 1752 753 1820 praecipuum
774 1753 825 1804 mi·

111 1823 255 1878 nistrorum
271 1821 372 1886 inficit,
387 1839 418 1876 ac
433 1817 605 1892 deprehensa,
613 1840 675 1877 curn
685 1824 827 1878 sacerdoti

109 1899 159 1952 bus
176 1890 206 1950 bc
224 1913 302 1966 mago
318 1896 491 1950 consiliorum
507 1897 619 1950 consciis
632 1898 679 1950 dat
695 1915 799 1966 poenas.

147 1970 206 2024 Lib.
223 1971 268 2022 8⁰.
283 1969 421 2023 Muleasses
435 1987 495 2023 cum
508 1970 646 2024 auxiliaria
661 1973 771 2026 cohorte
783 1971 827 2026 su-

108 2043 252 2114 pervenit,
271 2059 302 2096 ac
316 2044 444 2096 Caelarem
459 2045 569 2098 barbaro
582 2045 685 2098 cultu
665 2060 770 2116 rituque
782 2064 827 2100 ve·

111 2133 237 2181 iteratur,
259 2117 424 2185 exponitque
443 2117 559 2169 fraudem
578 2118 604 2170 &
615 2117 673 2170 vim
690 2119 828 2173 Barbaros·

109 2191 163 2254 sae,
182 2191 208 2242 δι
225 2190 325 2242 summa
342 2205 453 2258 quaeque
469 2190 626 2255 pollicetur,
647 2190 729 2244 modd
742 2191 827 2260 ipsius

109 2261 244 2316 beneficio
260 2279 370 2332 regnum
385 2263 589 2330 libertatemque
606 2279 656 2330 pro
675 2263 702 2316 se
722 2265 827 2334 suisque

110 2337 233 2389 obtinere
251 2336 357 2404 possit3
370 2349 449 2404 quern
466 2335 577 2387 Carolus
597 2336 699 2403 optima
714 2354 828 2406 quaque

110 2409 217 2480 sperare
231 2408 313 2474 jubet.

147 2481 207 2536 Lib.
221 2483 265 2546 90.
275 2481 386 2534 Carolus
402 2479 607 2552 propugnaculis
625 2479 758 2550 murisque
771 2494 828 2534 tor·

110 2571 265 2609 mentorum
287 2554 317 2608 vi
332 2554 453 2622 perviis,
477 2553 535 2622 post
558 2556 631 2606 datas
656 2553 827 2623 acceptasque
936 2568 941 2609 ῖ

110 2629 199 2682 clades
201 2625 445 2696 ,urbepotitusest3
452 2627 514 2680 licet
523 2627 603 2680 semel
613 2627 686 2680 ltalr
679 2643 827 2698 iterumque

110 2700 227 2770 Hispani
245 2699 298 2752 suis
321 2701 398 2754 vallis
423 2701 510 2770 pulsi,
535 2701 575 2754 illi
604 2693 777 2766 Sarnensenr,
797 2701 828 2755 hi

111 2775 293 2838 Mendozam‚
312 2773 475 2828 fortssstmos
487 2775 596 2839 Duces
614 2773 768 2834 amiserint,
779 2774 828 2828 ho·

108 2845 163 2900 stes
182 2845 229 2898 sub
240 2845 302 2900 Sina
317 2845 393 2899 Duce
406 2847 498 2900 aversi
514 2847 586 2912 urbis
602 2863 675 2914 parte
693 2847 828 2929 fugerunt.

149 2917 290 2976 Lib.10⁰.
301 2919 387 2975 Caesar
405 2908 521 2974 dedusiis
535 2921 567 2973 ad
580 2917 827 3044 Tussetumreglam
867 2961 870 2968 .

663 3008 682 3056 ι
