2086 3652
315 260 601 331 Possis.
766 232 816 355 Q

103 397 147 438 cer
164 377 213 450 (in
223 380 319 432 tuenda
331 379 450 434 libertate
462 381 573 450 Brutos,
584 395 630 448 qut
621 375 816 449 Tarquinium

103 441 277 516 sustulerunt,
296 454 322 505 δι
338 453 458 506 Cassium
469 471 514 522 qur
506 453 652 505 Caesarem
663 453 816 521 ,aemulati)

103 527 133 578 in
151 524 273 578 natalitio
298 542 391 578 eorum
411 525 476 579 sesto
502 525 633 578 biberunt.
652 524 735 577 Virro
756 525 819 593 (di-

103 599 176 665 ves)
196 599 223 650 in
235 597 351 666 crystalla
371 600 397 650 δι
414 599 514 666 phialas
532 599 649 668 beryllos
661 614 690 650 ac
701 615 820 667 gemmas

104 672 170 724 alias
186 672 326 735 transfert,
341 688 405 742 quas
414 671 531 735 AEneas
549 673 684 723 Didonem
704 672 820 740 Hyarbas

103 744 161 822 regi
182 743 354 827 ptaeripiens,
375 743 403 794 in
426 744 513 796 fronte
536 744 623 812 capuli
645 745 766 796 serebat.
789 758 821 797 tu

103 812 167 870 satis
185 833 220 868 ex
239 813 284 868 def
272 817 351 868 sormi
370 815 444 868 vitro
462 815 567 868 Vatinii
584 818 676 868 scurrae
690 818 747 884 (ex
768 817 820 869 Sue

104 889 174 940 trina
191 888 362 954 beneventa)
383 889 486 940 Neroni
504 903 599 957 grato,
616 889 689 957 quod
706 902 821 956 quatuor

105 962 225 1043 'ansatum
244 963 310 1025 erit,
333 961 447 1012 hauries.

106 1035 302 1103 Quanquam
316 1029 383 1084 verb
401 1033 524 1098 exempla
540 1029 688 1095 delessent,
706 1047 762 1083 non
780 1044 824 1084 ra·

106 1123 170 1158 men
187 1105 312 1159 suaserim
326 1119 405 1156 atam
426 1103 525 1174 ignotis
545 1103 620 1172 peti,
638 1118 668 1156 ut
684 1104 823 1157 interme·

105 1171 233 1232 ‘clio'criter
251 1177 331 1231 etiam
355 1175 469 1240 dosios,
485 1175 545 1229 ante
569 1176 734 1230 bibliothecae
748 1177 824 1230 sctu
891 1189 894 1192 ’

107 1246 193 1304 tandae
209 1252 278 1317 sint,
296 1268 375 1320 quam
392 1248 495 1302 sensum
507 1249 670 1318 assequaris,
684 1251 737 1303 hoc
748 1249 821 1307 enim

34 1333 38 1340 ’
108 1318 205 1376 'conatu
220 1325 375 1378 intercidere
384 1323 495 1392 gratiam
504 1323 591 1376 neces
578 1337 603 1375 e
614 1319 659 1376 est.
670 1325 761 1390 Quare
767 1324 823 1378 hoc

104 1393 189 1450 ‘titulo
205 1397 343 1452 Juvenalis
362 1413 482 1464 magnam
500 1397 547 1448 hac
566 1411 639 1448 aetate
660 1397 760 1450 amittit
772 1413 822 1450 vo·

107 1471 238 1538 luptatem
251 1508 259 1532 ,
274 1467 345 1535 qubd
365 1467 475 1520 abstrusa
498 1486 553 1519 non
581 1485 663 1536 pauca
681 1470 722 1522 sui
742 1468 824 1521 seculi

109 1541 179 1592 vitia
189 1540 347 1607 congesserit
357 1578 364 1601 ‚
374 1539 533 1606 posteritatis
546 1541 701 1594 memoriam
713 1558 768 1594 non
780 1543 824 1594 ha·

108 1613 205 1666 bitura.
221 1611 331 1662 Poetam
348 1627 404 1660 non
421 1611 493 1661 aetati
506 1611 570 1674 uni,
586 1613 630 1664 sed
646 1614 770 1666 omnibus
781 1615 824 1670 se,-

110 1683 178 1734 culis
193 1681 293 1733 servire
310 1679 410 1734 necesse
426 1680 471 1733 esi.

152 1755 195 1818 3⁹.
213 1753 320 1821 Figutas
345 1752 497 1822 grandiores
519 1769 575 1805 non
593 1755 692 1818 ambit,
711 1755 825 1808 minori·

110 1829 160 1881 bus
178 1825 281 1878 tannim
300 1827 326 1878 δι
342 1825 547 1878 vibrantioribus
558 1826 653 1879 dedita.
666 1829 696 1878 ln
714 1827 766 1894 iis,
778 1828 826 1885 ubi

111 1915 202 1954 mores
219 1897 340 1961 instruit,
358 1899 384 1950 δι
402 1899 545 1968 generatim
558 1898 662 1970 castigat
673 1901 757 1966 vitia,
769 1901 826 1957 sen

111 1973 256 2044 tentiarum
274 1971 416 2024 luminibus
433 1973 617 2042 gnomisque
609 1973 741 2042 imprimis
754 1975 828 2027 delei·

69 2085 76 2091 .
113 2046 221 2098 siatur·
216 2080 224 2104 ,
242 2057 272 2096 ut
285 2045 382 2098 Juven
400 2045 447 2097 sat.
467 2061 518 2110 14,
538 2045 599 2098 satis
623 2047 745 2100 ostendit.
768 2049 827 2110 Mi·

110 2119 164 2171 ntis
183 2117 335 2186 frequens
328 2135 357 2169 ιιι
375 2116 435 2180 his,
458 2135 539 2200 quum
556 2119 708 2188 singulatim
723 2137 827 2174 errores

113 2188 395 2260 castigat31dcenim
412 2189 495 2257 magis
519 2191 571 2240 ltoc
594 2191 668 2258 agit,
685 2206 715 2243 ιιι
733 2193 828 2259 perso·

114 2279 163 2314 nas
183 2262 251 2330 ipsas
267 2259 427 2324 dramatici,
441 2260 539 2312 velut
532 2277 560 2312 ιιι
577 2261 679 2314 scenam
699 2277 826 2331 agentes,

115 2335 263 2402 producat,
280 2349 425 2401 eorumque
448 2349 537 2403 mores
556 2333 630 2385 salsis
648 2334 763 2388 disieriis
778 2352 827 2404 pa·

115 2406 270 2474 roemiisque
286 2408 443 2476 quandoque
460 2395 622 2474 perstringat.

153 2481 198 2540 4⁰.
218 2480 364 2530 Numerum
386 2478 473 2530 mimis
493 2478 523 2529 ib
548 2476 664 2546 periodis
683 2480 827 2533 rotundum

117 2549 212 2620 quaerit
230 2569 239 2610 ·‚
257 2552 398 2620 aliquando
419 2551 448 2602 in
471 2550 561 2602 medio
578 2550 702 2604 carminis
721 2553 827 2604 abtum-

116 2625 207 2692 pitut,
224 2623 392 2693 interrogaris
408 2622 674 2692 responsionibusque
691 2624 828 2694 suspendi·

117 2711 178 2760 tur,
199 2695 311 2748 elisione
323 2697 396 2759 brat
411 2695 535 2766 languide
554 2697 653 2766 serpit,
670 2711 714 2750 aut
735 2699 827 2750 minu·

117 2768 168 2820 tint
187 2767 341 2833 dissecatur,
366 2769 586 2840 monosyllabis
579 2788 608 2824 ιιι
629 2767 682 2822 sine
702 2772 832 2827 tardatur.

117 2839 220 2899 Vctr'un
235 2842 310 2908 bec,
328 2841 374 2911 qui
385 2841 476 2895 omnia
492 2857 612 2910 temere,
631 2842 657 2895 δι
672 2842 828 2898 necessitate
