2076 3652
191 289 214 360 6
377 287 717 358 Honorem

189 406 258 462 vitia
273 423 334 462 turn
345 408 492 464 virtutibus
508 427 556 479 per
569 407 709 462 notionem
723 407 752 461 in
769 423 804 461 eo
819 408 912 461 coufir-

190 483 278 547 derit‚
304 483 330 535 δι
344 485 462 538 laudatus
480 500 514 538 eo
532 482 613 536 etiam
628 480 740 535 nomine
751 483 783 535 ab
793 481 912 536 Horatio

189 555 289 619 inerit,
310 557 373 610 dum
387 556 477 624 inquit
493 594 501 620 ,

191 669 312 737 Scriptor,
329 673 468 722 honoratum
483 671 501 722 si
517 669 578 722 forte
595 669 687 735 reponis
705 668 841 733 Achillem,

190 757 307 824 Impiger,
324 757 463 814 iracundus,
484 757 651 814 inexorabilis,
670 771 743 814 acor,

192 845 246 900 iura
265 857 334 913 repet
354 846 398 898 sibi
416 857 487 901 unta,
502 845 557 897 nihii
575 860 622 898 uon
642 855 735 912 arroget
755 844 834 898 aruris.

228 986 332 1040 Verum
347 984 426 1056 qudrn
441 985 496 1038 haec
510 982 597 1048 resti,
613 981 850 1037 infravideb'unur·
859 983 913 1036 ne-

193 1075 227 1113 nt
243 1059 364 1128 quidem,
385 1058 458 1128 qudd
475 1059 507 1110 ad
516 1057 702 1112 fortitudinem
711 1058 915 1121 extollendam,

193 1147 223 1184 ut
241 1132 270 1184 in
281 1132 373 1201 Uiyffe
393 1135 425 1184 ad
443 1132 626 1199 prudentiam,
645 1129 764 1198 speditnt
774 1131 913 1198 pleraque.

193 1205 271 1257 Seda
286 1205 361 1258 vitiis
375 1204 503 1256 virtutem
518 1203 614 1256 extolli
629 1201 718 1270 poffe,
728 1204 848 1255 nondum
864 1201 917 1253 nri·

193 1275 222 1328 ni
251 1277 392 1344 gentilium
418 1275 560 1328 hominurn
590 1274 732 1328 autoritate
762 1273 914 1341 persuaderi

194 1347 288 1416 patiar.
306 1345 369 1400 Nou
379 1349 457 1398 laudo
473 1346 602 1409 Statium,
620 1345 667 1414 qui
681 1359 711 1398 ur
727 1346 772 1398 sua
787 1346 817 1396 ira
826 1346 916 1398 Achil·

195 1418 368 1502 ieideadium
382 1435 442 1472 curu
454 1419 576 1472 Homero
592 1418 716 1472 trondem
730 1433 789 1470 uon
803 1433 913 1488 agerer,

197 1507 236 1544 suc
253 1501 291 1544 ar‘r
308 1510 316 1545 ε

328 1605 466 1674 Quanquam
486 1604 535 1656 adin
552 1603 595 1658 viti
613 1603 708 1656 multiun
725 1605 810 1674 inclyto
828 1617 897 1660 cantu

197 1691 334 1748 nitentior
350 1691 388 1744 sed
404 1691 467 1759 plura
483 1703 576 1746 vacant.
592 1691 644 1746 Not
660 1694 693 1747 ire
708 1707 750 1760 per
763 1707 876 1758 omnem,

201 1778 239 1832 Sic
259 1791 327 1832 onor
346 1779 397 1842 eii,
417 1781 489 1832 heroa
509 1781 575 1838 uelis.

234 1921 294 1974 Hoc
319 1920 394 1972 enirn
424 1917 508 1992 magis
536 1934 592 1972 erat
615 1933 707 1973 rexere
728 1921 919 1993 panegyrim
955 1925 960 1930 ’

199 1991 278 2067 qudrn
288 1991 455 2058 Epopoeiarn.
470 1991 588 2044 Dubium
598 1993 651 2044 hoc
662 1996 726 2046 ioco
738 1994 789 2060 est,
800 1995 916 2064 postiae·

199 2081 233 2116 ne
248 2065 366 2132 personne
384 2065 473 2132 plures
488 2066 520 2114 ad
537 2067 656 2118 eamdem
677 2066 811 2120 adiionem
831 2068 931 2122 virtu·
967 2105 971 2109 -

199 2143 225 2188 t'e
241 2135 299 2203 pari
312 2153 470 2190 concurrere
487 2157 494 2189 :
508 2152 552 2200 ut,
564 2155 593 2191 v.
607 2156 632 2208 g.
646 2139 766 2192 Romani
783 2139 845 2195 coff.
857 2141 916 2209 pari

198 2208 327 2276 potestate
342 2210 373 2260 ad
387 2209 457 2264 idern
469 2209 611 2280 aliquando
626 2213 726 2266 beilum
739 2212 916 2268 administran-

199 2285 262 2332 dunr
282 2281 392 2334 adhibiti
409 2283 477 2335 sunt.
502 2285 563 2350 Qua
584 2285 612 2336 in
631 2301 658 2337 re
676 2287 772 2338 oenseo
790 2285 917 2340 adniben·

200 2355 248 2405 dos
267 2352 380 2406 omnino
399 2357 488 2427 plures
507 2355 558 2408 eise
576 2375 584 2416 ;
600 2357 644 2410 sed
659 2372 749 2412 tannen
763 2375 854 2427 parern
872 2375 920 2412 ne·

200 2425 300 2484 minem
321 2427 416 2482 inilia
437 2446 494 2498 quae
517 2431 655 2494 laudatur,
675 2432 775 2483 virtute
798 2431 917 2486 introiti.

200 2499 241 2552 lta
261 2502 330 2568 apud
350 2501 499 2556 Homerum
510 2503 625 2556 Achilles
645 2520 705 2556 curn
724 2504 844 2572 pluribus
861 2504 918 2569 est,

199 2571 399 2639 Agamemnone
426 2575 506 2630 etiam
536 2577 563 2628 se
590 2576 716 2644 dignitate
745 2577 881 2643 superiore
908 2596 915 2630 ι

199 2644 296 2700 uerum
314 2646 359 2712 qui
376 2663 491 2716 aequaret
509 2648 664 2700 fortitudine
681 2685 691 2710 ,,
708 2663 840 2715 quemque
859 2649 918 2716 ipse

200 2714 229 2766 in
242 2731 343 2783 partem
358 2736 445 2770 rerum
461 2721 631 2788 gerendarum
645 2735 734 2784 parem
750 2720 917 2782 admitteret,

200 2791 288 2842 nulius
305 2806 379 2850 erant
397 2791 459 2842 &si
476 2788 583 2853 inridier,
603 2804 657 2840 tarn
674 2789 780 2842 illuiiris
799 2789 869 2844 adio
885 2791 917 2844 ii·

200 2859 254 2916 lius
274 2861 360 2916 videri
381 2879 437 2916 non
456 2875 570 2930 poterat.
596 2861 658 2932 Quo
679 2876 769 2916 tamen
792 2865 856 2918 luco
874 2877 915 2922 'tae
