2072 3672
182 268 449 348 cnnnriv.
482 259 702 350 Lrns'V.
740 299 827 374 τῃ

59 425 199 480 Audaces
205 426 316 492 anime,
327 429 466 496 multoque
477 440 582 480 tumore
591 428 709 496 superbe
720 448 728 484 t

60 524 149 574 Dura
158 524 307 577 recusantes
318 523 488 576 dominorum
500 525 600 593 sceptra
611 523 723 576 ministri
734 543 743 586 ;

62 621 186 698 Quique
193 625 239 675 vel
251 623 394 692 imperium
405 621 582 675 detrediavdre
593 622 723 687 Senatils,

65 718 180 772 Civiles
192 735 285 772 turmae
296 737 304 780 ;
316 722 361 772 vel
373 722 439 772 duro
450 720 536 772 invisa
546 720 650 788 parenti
663 757 671 786 ,

65 817 162 886 Atque
176 818 334 896 noyercales
343 819 434 869 vultus
445 815 662 881 exosajuventus
671 835 686 870 z:

66 913 250 984 Femineique
260 931 352 984 greges
361 953 367 977 ‚
381 913 427 982 qui
438 913 559 982 conjugis
569 931 639 966 arma
648 914 766 982 parantis

11 1025 13 1040 ·
70 1011 133 1064 Ota
145 1011 312 1064 exsecrantes
323 1008 444 1080 fugiunt,
455 1010 650 1078 thalamumque
662 1011 830 1080 domumque:

58 1108 224 1160 'Incendunt
235 1106 320 1158 Furiis
330 1107 377 1171 „dr
388 1105 479 1174 praelia
490 1105 546 1158 sola
554 1108 708 1175 loquuntur.

71 1203 713 1274 ConcurruntNumidae‚Maurique,Scythaeque
721 1205 822 1258 feroces

72 1303 294 1371 Sauromataeque
302 1341 309 1365 ‚
318 1302 447 1372 Getaeque
455 1316 556 1366 truces,
567 1301 699 1371 rigidique
706 1301 828 1363 Gelonis:

73 1397 205 1452 Centauri
216 1415 266 1464 ,ac
278 1398 360 1451 Siculi
371 1413 435 1450 nota
446 1398 549 1451 feritate
561 1397 658 1450 tiranni
670 1418 678 1453 t

72 1495 197 1562 Rupibus
208 1495 331 1562 immanis
343 1496 463 1563 Scyron,
472 1495 595 1563 lecioque
607 1495 771 1560 Procrustes,

76 1594 248 1660 Curvataque
259 1590 345 1642 Scinis
356 1589 422 1657 pinu
433 1628 440 1654 ,
452 1591 623 1660 Laelirigones
635 1593 718 1646 antris
728 1629 744 1656 ‚·

75 1689 110 1739 Et
122 1701 199 1740 tauro
211 1687 342 1749 Phalaris,
354 1685 476 1754 pastuque
490 1687 595 1738 infamis
606 1705 737 1758 equorum

77 1782 490 1853 RexThtacum‚Scythicosque
496 1783 592 1836 fovens
599 1800 634 1836 ex
640 1787 709 1837 caede
716 1787 807 1842 leones
816 1803 832 1842 :³

72 1871 112 1935 'Et
122 1882 216 1934 Medea
225 1883 316 1945 ferox,
329 1880 457 1950 Circeque
469 1873 584 1933 tim'enda
594 1882 715 1935 venenis.

81 1980 161 2050 Signa
172 1981 278 2045 volant,
293 1978 450 2052 tigridesque
460 1979 536 2044 ferae,
547 1978 663 2048 saevique
673 1981 797 2034 dracones
805 2019 821 2044 ,.

13 2115 14 2128 ἶ
81 2079 113 2130 Et
124 2078 251 2146 plaudunt
264 2076 369 2131 lev-ibus
378 2076 480 2130 vexilla
490 2074 619 2128 tumentia
630 2077 728 2131 ventis.
821 2133 823 2137 ,

84 2175 196 2245 Signifer
205 2175 260 2244 ipse
270 2178 369 2234 Eurota
379 2173 521 2240 patefactus
531 2172 661 2241 Erinnyas
672 2173 759 2224 Orcus

87 2273 192 2336 Iunxit,
206 2268 391 2322 &horrisonis
401 2267 495 2320 Adesto
505 2269 589 2336 fulget
599 2267 628 2319 in
639 2267 718 2320 armis
729 2284 738 2328 5

86 2367 285 2436 Tisiphoneque
296 2365 379 2417 facem
391 2361 506 2434 quatiat,
519 2361 654 2431 saevosque
666 2363 790 2431 Megaera*

87 2466 218 2518 Intentans
233 2478 346 2532 angues,
359 2461 502 2512 tertoribus
512 2457 603 2510 omnia
614 2461 740 2527 complet.

88 2559 188 2614 insidiae
199 2557 298 2611 circum
306 2595 314 2622 ,
323 2557 522 2623 truculentaque
532 2552 631 2605 Mortis
644 2552 732 2622 imago
740 2590 757 2618 r

90 2660 122 2711 Et
129 2657 210 2710 Pestes
220 2655 310 2709 varie.
320 2655 387 2706 Dux
399 2651 503 2722 agmina
512 2652 642 2720 praevolat
652 2651 712 2708 1ra;

92 2743 806 2822 Satcotlreamtppetens‚Aretenq;&quidquidamicum
814 2742 869 2809 est'jt

92 2852 229 2922 Imperium
241 2852 343 2904 crudele
355 2848 423 2920 gerit
435 2868 444 2901 τ
455 2845 593 2902 temeraria
604 2845 669 2898 belli

96 2939 437 3016 seditionariumque
448 2945 517 2999 odiis
527 2962 536 3006 3
548 2943 751 3064 audethpatata:

666 3030 691 3067 v.»
