<?xml version="1.0" encoding="UTF-8"?>
<!DOCTYPE html PUBLIC "-//W3C//DTD XHTML 1.0 Transitional//EN"
    "http://www.w3.org/TR/xhtml1/DTD/xhtml1-transitional.dtd">
<html xmlns="http://www.w3.org/1999/xhtml" xml:lang="en" lang="en">
 <head>
  <title>
</title>
<meta http-equiv="Content-Type" content="text/html;charset=utf-8" />
  <meta name='ocr-system' content='tesseract 3.04.00' />
  <meta name='ocr-capabilities' content='ocr_page ocr_carea ocr_par ocr_line ocrx_word'/>
</head>
<body>
  <div class='ocr_page' id='page_1' title='image "./sarcotisetcarol00masegoog_0111.png"; bbox 0 0 2086 3652; ppageno 0'>
   <div class='ocr_carea' id='block_1_1' title="bbox 610 95 622 124">
    <p class='ocr_par' dir='ltr' id='par_1_1' title="bbox 610 95 622 124">
     <span class='ocr_line' id='line_1_1' title="bbox 610 95 622 124; baseline 0 0"><span class='ocrx_word' id='word_1_1' title='bbox 610 95 622 124; x_wconf 67' lang='lat' dir='ltr'>t</span> 
     </span>
    </p>
   </div>
   <div class='ocr_carea' id='block_1_2' title="bbox 236 262 818 380">
    <p class='ocr_par' dir='ltr' id='par_1_2' title="bbox 236 262 818 380">
     <span class='ocr_line' id='line_1_2' title="bbox 236 262 818 380; baseline 0.009 -30"><span class='ocrx_word' id='word_1_2' title='bbox 236 262 602 376; x_wconf 56' lang='lat' dir='ltr'>(Ponsts.</span> <span class='ocrx_word' id='word_1_3' title='bbox 773 283 818 380; x_wconf 69' lang='lat'>1&#39;9&#39;</span> 
     </span>
    </p>
   </div>
   <div class='ocr_carea' id='block_1_3' title="bbox 100 400 853 910">
    <p class='ocr_par' dir='ltr' id='par_1_3' title="bbox 100 400 853 910">
     <span class='ocr_line' id='line_1_3' title="bbox 103 400 819 470; baseline 0 -13"><span class='ocrx_word' id='word_1_4' title='bbox 103 411 169 460; x_wconf 75' lang='lat' dir='ltr'>xum</span> <span class='ocrx_word' id='word_1_5' title='bbox 187 400 243 460; x_wconf 88' lang='lat' dir='ltr'>sit,</span> <span class='ocrx_word' id='word_1_6' title='bbox 263 417 295 456; x_wconf 79' lang='lat' dir='ltr'>ac</span> <span class='ocrx_word' id='word_1_7' title='bbox 311 403 379 470; x_wconf 70' lang='lat' dir='ltr'>pene</span> <span class='ocrx_word' id='word_1_8' title='bbox 399 404 502 459; x_wconf 88' lang='lat' dir='ltr'>inutile.</span> <span class='ocrx_word' id='word_1_9' title='bbox 530 407 591 458; x_wconf 86' lang='lat' dir='ltr'>Hoc</span> <span class='ocrx_word' id='word_1_10' title='bbox 611 405 697 464; x_wconf 74' lang='lat' dir='ltr'>solunt</span> <span class='ocrx_word' id='word_1_11' title='bbox 719 421 819 460; x_wconf 79' lang='lat' dir='ltr'>caven.</span> 
     </span>
     <span class='ocr_line' id='line_1_4' title="bbox 103 476 818 546; baseline 0.001 -16"><span class='ocrx_word' id='word_1_12' title='bbox 103 481 184 538; x_wconf 90' lang='lat' dir='ltr'>dum,</span> <span class='ocrx_word' id='word_1_13' title='bbox 200 493 234 527; x_wconf 88' lang='lat' dir='ltr'>ne</span> <span class='ocrx_word' id='word_1_14' title='bbox 250 476 313 544; x_wconf 89' lang='lat' dir='ltr'>quid</span> <span class='ocrx_word' id='word_1_15' title='bbox 333 479 449 530; x_wconf 82' lang='lat' dir='ltr'>Ethnicae</span> <span class='ocrx_word' id='word_1_16' title='bbox 467 478 659 546; x_wconf 83' lang='lat' dir='ltr'>superstitionis</span> <span class='ocrx_word' id='word_1_17' title='bbox 680 477 749 531; x_wconf 55' lang='lat' dir='ltr'>fiolis</span> <span class='ocrx_word' id='word_1_18' title='bbox 765 494 818 532; x_wconf 88' lang='lat' dir='ltr'>nu·</span> 
     </span>
     <span class='ocr_line' id='line_1_5' title="bbox 103 547 818 604; baseline 0.006 -4"><span class='ocrx_word' id='word_1_19' title='bbox 103 549 219 601; x_wconf 82' lang='lat' dir='ltr'>minibus</span> <span class='ocrx_word' id='word_1_20' title='bbox 240 547 351 602; x_wconf 65' lang='lat' dir='ltr'>inductis</span> <span class='ocrx_word' id='word_1_21' title='bbox 374 551 494 603; x_wconf 80' lang='lat' dir='ltr'>misceas.</span> <span class='ocrx_word' id='word_1_22' title='bbox 517 551 620 604; x_wconf 85' lang='lat' dir='ltr'>Poteris</span> <span class='ocrx_word' id='word_1_23' title='bbox 636 567 725 604; x_wconf 85' lang='lat' dir='ltr'>tamen</span> <span class='ocrx_word' id='word_1_24' title='bbox 747 567 818 604; x_wconf 87' lang='lat' dir='ltr'>non·</span> 
     </span>
     <span class='ocr_line' id='line_1_6' title="bbox 103 623 818 689; baseline 0.007 -17"><span class='ocrx_word' id='word_1_25' title='bbox 103 637 237 689; x_wconf 82' lang='lat' dir='ltr'>nunquam</span> <span class='ocrx_word' id='word_1_26' title='bbox 257 638 304 674; x_wconf 87' lang='lat' dir='ltr'>eos</span> <span class='ocrx_word' id='word_1_27' title='bbox 322 624 483 675; x_wconf 75' lang='lat' dir='ltr'>Demonum</span> <span class='ocrx_word' id='word_1_28' title='bbox 509 623 679 677; x_wconf 85' lang='lat' dir='ltr'>infernalium</span> <span class='ocrx_word' id='word_1_29' title='bbox 706 624 818 678; x_wconf 79' lang='lat' dir='ltr'>nornine</span> 
     </span>
     <span class='ocr_line' id='line_1_7' title="bbox 102 693 817 766; baseline 0.007 -21"><span class='ocrx_word' id='word_1_30' title='bbox 102 693 225 746; x_wconf 78' lang='lat' dir='ltr'>inducere</span> <span class='ocrx_word' id='word_1_31' title='bbox 243 695 270 746; x_wconf 76' lang='grc' dir='ltr'>δι</span> <span class='ocrx_word' id='word_1_32' title='bbox 295 712 432 764; x_wconf 86' lang='lat' dir='ltr'>opponere</span> <span class='ocrx_word' id='word_1_33' title='bbox 450 695 546 750; x_wconf 85' lang='lat' dir='ltr'>Geniis</span> <span class='ocrx_word' id='word_1_34' title='bbox 570 697 719 750; x_wconf 81' lang='lat' dir='ltr'>coelestibus</span> <span class='ocrx_word' id='word_1_35' title='bbox 737 707 747 757; x_wconf 69' lang='grc' dir='ltr'><em>ς</em></span> <span class='ocrx_word' id='word_1_36' title='bbox 764 709 817 766; x_wconf 82' lang='lat' dir='ltr'>qua</span> 
     </span>
     <span class='ocr_line' id='line_1_8' title="bbox 101 768 823 838; baseline 0.007 -21"><span class='ocrx_word' id='word_1_37' title='bbox 101 768 205 819; x_wconf 78' lang='lat' dir='ltr'>ratione</span> <span class='ocrx_word' id='word_1_38' title='bbox 221 768 401 820; x_wconf 78' lang='lat' dir='ltr'>fecundiorem</span> <span class='ocrx_word' id='word_1_39' title='bbox 420 769 533 821; x_wconf 88' lang='lat' dir='ltr'>nostram</span> <span class='ocrx_word' id='word_1_40' title='bbox 553 771 633 822; x_wconf 85' lang='lat' dir='ltr'>etiam</span> <span class='ocrx_word' id='word_1_41' title='bbox 653 768 749 838; x_wconf 87' lang='lat' dir='ltr'>poesin</span> <span class='ocrx_word' id='word_1_42' title='bbox 769 770 823 822; x_wconf 81' lang='lat' dir='ltr'>ait··</span> 
     </span>
     <span class='ocr_line' id='line_1_9' title="bbox 100 837 853 910; baseline 0.005 -20"><span class='ocrx_word' id='word_1_43' title='bbox 100 839 175 908; x_wconf 65' lang='lat' dir='ltr'>tiqui</span> <span class='ocrx_word' id='word_1_44' title='bbox 194 837 321 894; x_wconf 78' lang='lat' dir='ltr'>effeceris.</span> <span class='ocrx_word' id='word_1_45' title='bbox 341 843 389 894; x_wconf 87' lang='lat' dir='ltr'>Ex.</span> <span class='ocrx_word' id='word_1_46' title='bbox 402 859 428 910; x_wconf 81' lang='lat' dir='ltr'>g.</span> <span class='ocrx_word' id='word_1_47' title='bbox 440 844 473 893; x_wconf 72' lang='lat' dir='ltr'>a&#39;d</span> <span class='ocrx_word' id='word_1_48' title='bbox 485 842 665 894; x_wconf 86' lang='lat' dir='ltr'>imitationem</span> <span class='ocrx_word' id='word_1_49' title='bbox 675 841 817 907; x_wconf 62' lang='lat' dir='ltr'>simonis,</span> <span class='ocrx_word' id='word_1_50' title='bbox 847 849 853 856; x_wconf 79' lang='grc'><strong>“</strong></span> 
     </span>
    </p>
   </div>
   <div class='ocr_carea' id='block_1_4' title="bbox 100 913 934 984">
    <p class='ocr_par' dir='ltr' id='par_1_4' title="bbox 100 913 934 984">
     <span class='ocr_line' id='line_1_10' title="bbox 100 913 934 984; baseline 0.012 -22"><span class='ocrx_word' id='word_1_51' title='bbox 100 929 153 982; x_wconf 78' lang='lat' dir='ltr'>qua</span> <span class='ocrx_word' id='word_1_52' title='bbox 175 913 246 966; x_wconf 82' lang='lat' dir='ltr'>June</span> <span class='ocrx_word' id='word_1_53' title='bbox 268 913 377 966; x_wconf 82' lang='lat' dir='ltr'>AE&#39;olum</span> <span class='ocrx_word' id='word_1_54' title='bbox 400 915 446 967; x_wconf 91' lang='lat' dir='ltr'>lib.</span> <span class='ocrx_word' id='word_1_55' title='bbox 471 921 501 965; x_wconf 82' lang='lat'>10</span> <span class='ocrx_word' id='word_1_56' title='bbox 519 915 596 984; x_wconf 80' lang='lat' dir='ltr'>Vitg.</span> <span class='ocrx_word' id='word_1_57' title='bbox 621 916 654 966; x_wconf 85' lang='lat' dir='ltr'>ad</span> <span class='ocrx_word' id='word_1_58' title='bbox 683 914 821 966; x_wconf 67' lang='lat' dir='ltr'>concitan&#39;e</span> <span class='ocrx_word' id='word_1_59' title='bbox 880 977 884 983; x_wconf 30' lang='lat'><em>¹</em></span> <span class='ocrx_word' id='word_1_60' title='bbox 929 963 934 972; x_wconf 93' lang='lat'>.</span> 
     </span>
    </p>
   </div>
   <div class='ocr_carea' id='block_1_5' title="bbox 97 985 897 3008">
    <p class='ocr_par' dir='ltr' id='par_1_5' title="bbox 99 985 818 1418">
     <span class='ocr_line' id='line_1_11' title="bbox 100 985 817 1054; baseline 0.004 -18"><span class='ocrx_word' id='word_1_61' title='bbox 100 987 159 1037; x_wconf 81' lang='lat' dir='ltr'>dam</span> <span class='ocrx_word' id='word_1_62' title='bbox 171 985 352 1054; x_wconf 76' lang='lat' dir='ltr'>tempestatem</span> <span class='ocrx_word' id='word_1_63' title='bbox 361 986 477 1048; x_wconf 86' lang='lat' dir='ltr'>inducit,</span> <span class='ocrx_word' id='word_1_64' title='bbox 490 985 549 1038; x_wconf 84' lang='lat' dir='ltr'>&amp;is</span> <span class='ocrx_word' id='word_1_65' title='bbox 561 985 650 1053; x_wconf 87' lang='lat' dir='ltr'>postea</span> <span class='ocrx_word' id='word_1_66' title='bbox 662 1002 677 1036; x_wconf 85' lang='lat' dir='ltr'>a</span> <span class='ocrx_word' id='word_1_67' title='bbox 688 987 817 1054; x_wconf 84' lang='lat' dir='ltr'>Neptuno</span> 
     </span>
     <span class='ocr_line' id='line_1_12' title="bbox 101 1058 818 1128; baseline 0 -17"><span class='ocrx_word' id='word_1_68' title='bbox 101 1059 279 1128; x_wconf 82' lang='lat' dir='ltr'>compescitur</span> <span class='ocrx_word' id='word_1_69' title='bbox 294 1077 303 1117; x_wconf 89' lang='grc'>·,</span> <span class='ocrx_word' id='word_1_70' title='bbox 318 1059 357 1110; x_wconf 90' lang='lat' dir='ltr'>sic</span> <span class='ocrx_word' id='word_1_71' title='bbox 373 1073 403 1110; x_wconf 87' lang='lat' dir='ltr'>tu</span> <span class='ocrx_word' id='word_1_72' title='bbox 421 1058 606 1110; x_wconf 83' lang='lat' dir='ltr'>Gentilitatem</span> <span class='ocrx_word' id='word_1_73' title='bbox 624 1058 728 1110; x_wconf 89' lang='lat' dir='ltr'>Orcum</span> <span class='ocrx_word' id='word_1_74' title='bbox 746 1059 818 1111; x_wconf 84' lang='lat' dir='ltr'>adire</span> 
     </span>
     <span class='ocr_line' id='line_1_13' title="bbox 99 1130 818 1201; baseline 0.003 -19"><span class='ocrx_word' id='word_1_75' title='bbox 99 1130 172 1201; x_wconf 83' lang='lat' dir='ltr'>finge</span> <span class='ocrx_word' id='word_1_76' title='bbox 184 1171 191 1196; x_wconf 94' lang='lat'>,</span> <span class='ocrx_word' id='word_1_77' title='bbox 205 1146 283 1200; x_wconf 86' lang='lat' dir='ltr'>atque</span> <span class='ocrx_word' id='word_1_78' title='bbox 300 1133 332 1182; x_wconf 83' lang='lat' dir='ltr'>ab</span> <span class='ocrx_word' id='word_1_79' title='bbox 348 1131 476 1182; x_wconf 82' lang='lat' dir='ltr'>Antitheo</span> <span class='ocrx_word' id='word_1_80' title='bbox 492 1130 632 1198; x_wconf 88' lang='lat' dir='ltr'>impetrare</span> <span class='ocrx_word' id='word_1_81' title='bbox 644 1147 693 1196; x_wconf 92' lang='lat' dir='ltr'>,ut</span> <span class='ocrx_word' id='word_1_82' title='bbox 707 1131 818 1184; x_wconf 87' lang='lat' dir='ltr'>AEolum</span> 
     </span>
     <span class='ocr_line' id='line_1_14' title="bbox 99 1203 818 1274; baseline 0.001 -19"><span class='ocrx_word' id='word_1_83' title='bbox 99 1205 194 1267; x_wconf 85' lang='lat' dir='ltr'>laxet,</span> <span class='ocrx_word' id='word_1_84' title='bbox 220 1221 299 1274; x_wconf 86' lang='lat' dir='ltr'>quent</span> <span class='ocrx_word' id='word_1_85' title='bbox 325 1204 418 1256; x_wconf 87' lang='lat' dir='ltr'>deinde</span> <span class='ocrx_word' id='word_1_86' title='bbox 445 1203 558 1256; x_wconf 83' lang='lat' dir='ltr'>coelestis</span> <span class='ocrx_word' id='word_1_87' title='bbox 585 1204 739 1267; x_wconf 86' lang='lat' dir='ltr'>Philaurus,</span> <span class='ocrx_word' id='word_1_88' title='bbox 756 1204 818 1256; x_wconf 89' lang='lat' dir='ltr'>sive</span> 
     </span>
     <span class='ocr_line' id='line_1_15' title="bbox 100 1277 817 1342; baseline 0.006 -14"><span class='ocrx_word' id='word_1_89' title='bbox 100 1277 170 1328; x_wconf 80' lang='lat' dir='ltr'>aeris</span> <span class='ocrx_word' id='word_1_90' title='bbox 180 1278 297 1330; x_wconf 83' lang='lat' dir='ltr'>tutelaris</span> <span class='ocrx_word' id='word_1_91' title='bbox 309 1277 432 1342; x_wconf 87' lang='lat' dir='ltr'>Genius,</span> <span class='ocrx_word' id='word_1_92' title='bbox 444 1277 547 1330; x_wconf 84' lang='lat' dir='ltr'>rursum</span> <span class='ocrx_word' id='word_1_93' title='bbox 559 1277 605 1330; x_wconf 90' lang='lat' dir='ltr'>sub</span> <span class='ocrx_word' id='word_1_94' title='bbox 623 1279 743 1330; x_wconf 68' lang='lat' dir='ltr'>tenentes</span> <span class='ocrx_word' id='word_1_95' title='bbox 755 1289 817 1332; x_wconf 74' lang='lat' dir='ltr'>cunt</span> 
     </span>
     <span class='ocr_line' id='line_1_16' title="bbox 100 1353 318 1418; baseline 0.014 -18"><span class='ocrx_word' id='word_1_96' title='bbox 100 1353 190 1402; x_wconf 83' lang='lat' dir='ltr'>ventis</span> <span class='ocrx_word' id='word_1_97' title='bbox 208 1353 318 1418; x_wconf 82' lang='lat' dir='ltr'>ableget.</span> 
     </span>
    </p>

    <p class='ocr_par' dir='ltr' id='par_1_6' title="bbox 97 1422 821 2072">
     <span class='ocr_line' id='line_1_17' title="bbox 139 1422 819 1492; baseline 0.004 -18"><span class='ocrx_word' id='word_1_98' title='bbox 139 1431 181 1474; x_wconf 85' lang='lat'>2⁰.</span> <span class='ocrx_word' id='word_1_99' title='bbox 197 1425 238 1474; x_wconf 88' lang='lat' dir='ltr'>Ut</span> <span class='ocrx_word' id='word_1_100' title='bbox 251 1425 359 1485; x_wconf 87' lang='lat' dir='ltr'>Venus,</span> <span class='ocrx_word' id='word_1_101' title='bbox 374 1423 439 1478; x_wconf 78' lang='lat' dir='ltr'>lovi</span> <span class='ocrx_word' id='word_1_102' title='bbox 456 1423 586 1491; x_wconf 78' lang='lat' dir='ltr'>supplex,</span> <span class='ocrx_word' id='word_1_103' title='bbox 602 1422 716 1492; x_wconf 84' lang='lat' dir='ltr'>denique</span> <span class='ocrx_word' id='word_1_104' title='bbox 736 1423 819 1477; x_wconf 53' lang='lat' dir='ltr'>intel*</span> 
     </span>
     <span class='ocr_line' id='line_1_18' title="bbox 99 1493 821 1566; baseline 0.003 -18"><span class='ocrx_word' id='word_1_105' title='bbox 99 1493 177 1566; x_wconf 84' lang='lat' dir='ltr'>ligit,</span> <span class='ocrx_word' id='word_1_106' title='bbox 194 1497 261 1564; x_wconf 85' lang='lat' dir='ltr'>quid</span> <span class='ocrx_word' id='word_1_107' title='bbox 275 1497 306 1546; x_wconf 92' lang='lat' dir='ltr'>de</span> <span class='ocrx_word' id='word_1_108' title='bbox 323 1495 405 1546; x_wconf 79' lang='lat' dir='ltr'>AEnea</span> <span class='ocrx_word' id='word_1_109' title='bbox 423 1495 557 1558; x_wconf 78' lang='lat' dir='ltr'>futurum,</span> <span class='ocrx_word' id='word_1_110' title='bbox 580 1496 606 1548; x_wconf 81' lang='grc' dir='ltr'>δι</span> <span class='ocrx_word' id='word_1_111' title='bbox 629 1511 659 1547; x_wconf 91' lang='lat' dir='ltr'>ut</span> <span class='ocrx_word' id='word_1_112' title='bbox 682 1497 768 1549; x_wconf 89' lang='lat' dir='ltr'>eidem</span> <span class='ocrx_word' id='word_1_113' title='bbox 789 1497 821 1550; x_wconf 86' lang='lat' dir='ltr'>stt·</span> 
     </span>
     <span class='ocr_line' id='line_1_19' title="bbox 99 1566 818 1635; baseline 0.003 -16"><span class='ocrx_word' id='word_1_114' title='bbox 99 1566 263 1630; x_wconf 79' lang='lat' dir='ltr'>offert,sub</span> <span class='ocrx_word' id='word_1_115' title='bbox 285 1567 378 1618; x_wconf 87' lang='lat' dir='ltr'>habitu</span> <span class='ocrx_word' id='word_1_116' title='bbox 395 1567 517 1634; x_wconf 76' lang='lat' dir='ltr'>Virginis</span> <span class='ocrx_word' id='word_1_117' title='bbox 542 1569 609 1618; x_wconf 87' lang='lat' dir='ltr'>hene</span> <span class='ocrx_word' id='word_1_118' title='bbox 630 1569 726 1635; x_wconf 84' lang='lat' dir='ltr'>coeptis</span> <span class='ocrx_word' id='word_1_119' title='bbox 747 1570 818 1622; x_wconf 85' lang='lat' dir='ltr'>orni·</span> 
     </span>
     <span class='ocr_line' id='line_1_20' title="bbox 99 1638 817 1710; baseline 0.001 -18"><span class='ocrx_word' id='word_1_120' title='bbox 99 1639 212 1696; x_wconf 77' lang='lat' dir='ltr'>nantis3</span> <span class='ocrx_word' id='word_1_121' title='bbox 230 1638 267 1688; x_wconf 85' lang='lat' dir='ltr'>ita</span> <span class='ocrx_word' id='word_1_122' title='bbox 288 1639 315 1688; x_wconf 74' lang='grc' dir='ltr'>δι</span> <span class='ocrx_word' id='word_1_123' title='bbox 333 1638 457 1706; x_wconf 81' lang='lat' dir='ltr'>Religio,</span> <span class='ocrx_word' id='word_1_124' title='bbox 474 1639 519 1689; x_wconf 90' lang='lat' dir='ltr'>seu</span> <span class='ocrx_word' id='word_1_125' title='bbox 536 1639 652 1690; x_wconf 83' lang='lat' dir='ltr'>Ecclesia</span> <span class='ocrx_word' id='word_1_126' title='bbox 671 1639 716 1690; x_wconf 79' lang='lat' dir='ltr'>seu</span> <span class='ocrx_word' id='word_1_127' title='bbox 734 1642 817 1710; x_wconf 78' lang='lat' dir='ltr'>Ange·</span> 
     </span>
     <span class='ocr_line' id='line_1_21' title="bbox 99 1709 819 1776; baseline 0 -13"><span class='ocrx_word' id='word_1_128' title='bbox 99 1714 143 1764; x_wconf 83' lang='lat' dir='ltr'>lus</span> <span class='ocrx_word' id='word_1_129' title='bbox 162 1709 278 1760; x_wconf 87' lang='lat' dir='ltr'>Michael</span> <span class='ocrx_word' id='word_1_130' title='bbox 296 1711 384 1759; x_wconf 90' lang='lat' dir='ltr'>Deum</span> <span class='ocrx_word' id='word_1_131' title='bbox 403 1725 453 1776; x_wconf 87' lang='lat' dir='ltr'>pro</span> <span class='ocrx_word' id='word_1_132' title='bbox 477 1711 575 1760; x_wconf 86' lang='lat' dir='ltr'>Catolo</span> <span class='ocrx_word' id='word_1_133' title='bbox 598 1713 759 1776; x_wconf 85' lang='lat' dir='ltr'>deprecans,</span> <span class='ocrx_word' id='word_1_134' title='bbox 779 1716 819 1764; x_wconf 86' lang='lat' dir='ltr'>in-</span> 
     </span>
     <span class='ocr_line' id='line_1_22' title="bbox 99 1779 819 1850; baseline 0.001 -16"><span class='ocrx_word' id='word_1_135' title='bbox 99 1779 224 1850; x_wconf 75' lang='lat' dir='ltr'>redigat,</span> <span class='ocrx_word' id='word_1_136' title='bbox 242 1797 297 1848; x_wconf 90' lang='lat' dir='ltr'>quo</span> <span class='ocrx_word' id='word_1_137' title='bbox 317 1781 394 1847; x_wconf 66' lang='lat' dir='ltr'>pasto</span> <span class='ocrx_word' id='word_1_138' title='bbox 411 1781 485 1832; x_wconf 86' lang='lat' dir='ltr'>illam</span> <span class='ocrx_word' id='word_1_139' title='bbox 497 1780 525 1831; x_wconf 91' lang='lat' dir='ltr'>in</span> <span class='ocrx_word' id='word_1_140' title='bbox 537 1781 647 1850; x_wconf 63' lang='lat' dir='ltr'>,Europa</span> <span class='ocrx_word' id='word_1_141' title='bbox 661 1797 753 1834; x_wconf 86' lang='lat' dir='ltr'>contra</span> <span class='ocrx_word' id='word_1_142' title='bbox 765 1786 819 1835; x_wconf 81' lang='lat' dir='ltr'>hae·</span> 
     </span>
     <span class='ocr_line' id='line_1_23' title="bbox 99 1853 817 1924; baseline -0.001 -16"><span class='ocrx_word' id='word_1_143' title='bbox 99 1855 200 1908; x_wconf 85' lang='lat' dir='ltr'>reticos</span> <span class='ocrx_word' id='word_1_144' title='bbox 221 1853 371 1906; x_wconf 83' lang='lat' dir='ltr'>defensurus</span> <span class='ocrx_word' id='word_1_145' title='bbox 391 1853 447 1917; x_wconf 90' lang='lat' dir='ltr'>sit,</span> <span class='ocrx_word' id='word_1_146' title='bbox 463 1869 498 1909; x_wconf 83' lang='lat' dir='ltr'>ac</span> <span class='ocrx_word' id='word_1_147' title='bbox 508 1853 601 1906; x_wconf 90' lang='lat' dir='ltr'>deinde</span> <span class='ocrx_word' id='word_1_148' title='bbox 613 1853 677 1906; x_wconf 77' lang='lat' dir='ltr'>litto</span> <span class='ocrx_word' id='word_1_149' title='bbox 695 1855 817 1924; x_wconf 82' lang='lat' dir='ltr'>Virginis</span> 
     </span>
     <span class='ocr_line' id='line_1_24' title="bbox 97 1926 819 1998; baseline 0.003 -18"><span class='ocrx_word' id='word_1_150' title='bbox 97 1928 212 1990; x_wconf 83' lang='lat' dir='ltr'>habitu,</span> <span class='ocrx_word' id='word_1_151' title='bbox 233 1943 268 1978; x_wconf 82' lang='lat' dir='ltr'>ex</span> <span class='ocrx_word' id='word_1_152' title='bbox 284 1926 395 1996; x_wconf 79' lang='lat' dir='ltr'>augurio</span> <span class='ocrx_word' id='word_1_153' title='bbox 413 1928 542 1978; x_wconf 81' lang='lat' dir='ltr'>columbae</span> <span class='ocrx_word' id='word_1_154' title='bbox 565 1926 696 1980; x_wconf 77' lang='lat' dir='ltr'>oliviferae</span> <span class='ocrx_word' id='word_1_155' title='bbox 708 1943 819 1998; x_wconf 75' lang='lat' dir='ltr'>optatos</span> 
     </span>
     <span class='ocr_line' id='line_1_25' title="bbox 98 1999 633 2072; baseline 0 -19"><span class='ocrx_word' id='word_1_156' title='bbox 98 1999 227 2053; x_wconf 76' lang='lat' dir='ltr'>successus</span> <span class='ocrx_word' id='word_1_157' title='bbox 245 2017 333 2072; x_wconf 83' lang='lat' dir='ltr'>rerum</span> <span class='ocrx_word' id='word_1_158' title='bbox 348 2001 450 2068; x_wconf 86' lang='lat' dir='ltr'>sperare</span> <span class='ocrx_word' id='word_1_159' title='bbox 468 1999 564 2062; x_wconf 87' lang='lat' dir='ltr'>iubeat.</span> <span class='ocrx_word' id='word_1_160' title='bbox 631 2001 633 2005; x_wconf 80' lang='grc'><strong>’</strong></span> 
     </span>
    </p>

    <p class='ocr_par' dir='ltr' id='par_1_7' title="bbox 99 2071 897 2358">
     <span class='ocr_line' id='line_1_26' title="bbox 140 2071 820 2146; baseline 0.006 -22"><span class='ocrx_word' id='word_1_161' title='bbox 140 2083 179 2140; x_wconf 77' lang='lat'>3⁰.</span> <span class='ocrx_word' id='word_1_162' title='bbox 197 2075 233 2125; x_wconf 93' lang='lat' dir='ltr'>Ut</span> <span class='ocrx_word' id='word_1_163' title='bbox 252 2073 348 2125; x_wconf 85' lang='lat' dir='ltr'>AEntas</span> <span class='ocrx_word' id='word_1_164' title='bbox 371 2071 468 2125; x_wconf 66' lang='lat' dir='ltr'>nebulai</span> <span class='ocrx_word' id='word_1_165' title='bbox 495 2075 580 2126; x_wconf 68' lang='lat' dir='ltr'>tectus</span> <span class='ocrx_word' id='word_1_166' title='bbox 609 2074 820 2146; x_wconf 78' lang='lat' dir='ltr'>Carthaginem,</span> 
     </span>
     <span class='ocr_line' id='line_1_27' title="bbox 100 2145 818 2222; baseline 0.001 -22"><span class='ocrx_word' id='word_1_167' title='bbox 100 2145 141 2218; x_wconf 74' lang='lat' dir='ltr'>sie</span> <span class='ocrx_word' id='word_1_168' title='bbox 155 2145 217 2198; x_wconf 83' lang='lat' dir='ltr'>alibi</span> <span class='ocrx_word' id='word_1_169' title='bbox 233 2148 343 2198; x_wconf 80' lang='lat' dir='ltr'>Carolus</span> <span class='ocrx_word' id='word_1_170' title='bbox 356 2147 481 2199; x_wconf 84' lang='lat' dir='ltr'>Guletam</span> <span class='ocrx_word' id='word_1_171' title='bbox 494 2163 555 2198; x_wconf 90' lang='lat' dir='ltr'>cum</span> <span class='ocrx_word' id='word_1_172' title='bbox 570 2147 688 2199; x_wconf 84' lang='lat' dir='ltr'>exercitu</span> <span class='ocrx_word' id='word_1_173' title='bbox 706 2149 818 2222; x_wconf 74' lang='lat' dir='ltr'>propius</span> 
     </span>
     <span class='ocr_line' id='line_1_28' title="bbox 99 2213 897 2288; baseline 0.003 -18"><span class='ocrx_word' id='word_1_174' title='bbox 99 2215 252 2288; x_wconf 42' lang='lat' dir='ltr'>accessill‘e&#39;,</span> <span class='ocrx_word' id='word_1_175' title='bbox 269 2219 305 2270; x_wconf 91' lang='lat' dir='ltr'>D.</span> <span class='ocrx_word' id='word_1_176' title='bbox 325 2219 455 2269; x_wconf 85' lang='lat' dir='ltr'>Michaele</span> <span class='ocrx_word' id='word_1_177' title='bbox 471 2215 596 2280; x_wconf 85' lang='lat' dir='ltr'>favente,</span> <span class='ocrx_word' id='word_1_178' title='bbox 617 2219 723 2270; x_wconf 51' lang='lat' dir='ltr'>dicetur¹</span> <span class='ocrx_word' id='word_1_179' title='bbox 733 2213 746 2278; x_wconf 74' lang='grc'>·,’</span> <span class='ocrx_word' id='word_1_180' title='bbox 763 2219 820 2273; x_wconf 78' lang='lat' dir='ltr'>nisi</span> <span class='ocrx_word' id='word_1_181' title='bbox 894 2245 897 2256; x_wconf 93' lang='lat'>·</span> 
     </span>
     <span class='ocr_line' id='line_1_29' title="bbox 99 2286 800 2358; baseline 0.001 -15"><span class='ocrx_word' id='word_1_182' title='bbox 99 2291 176 2344; x_wconf 80' lang='lat' dir='ltr'>malis</span> <span class='ocrx_word' id='word_1_183' title='bbox 195 2292 220 2342; x_wconf 79' lang='grc' dir='ltr'>δι</span> <span class='ocrx_word' id='word_1_184' title='bbox 237 2291 303 2342; x_wconf 88' lang='lat' dir='ltr'>illud</span> <span class='ocrx_word' id='word_1_185' title='bbox 322 2292 415 2342; x_wconf 79' lang='lat' dir='ltr'>Romae</span> <span class='ocrx_word' id='word_1_186' title='bbox 431 2286 527 2341; x_wconf 54' lang='lat' dir='ltr'>stafilum</span> <span class='ocrx_word' id='word_1_187' title='bbox 547 2291 732 2358; x_wconf 77' lang='lat' dir='ltr'>comminisci,</span> <span class='ocrx_word' id='word_1_188' title='bbox 748 2293 800 2345; x_wconf 74' lang='grc' dir='ltr'>ἃς.</span> 
     </span>
    </p>

    <p class='ocr_par' dir='ltr' id='par_1_8' title="bbox 98 2362 826 2634">
     <span class='ocr_line' id='line_1_30' title="bbox 137 2362 826 2431; baseline 0.004 -17"><span class='ocrx_word' id='word_1_189' title='bbox 137 2365 202 2415; x_wconf 91' lang='lat' dir='ltr'>Duo</span> <span class='ocrx_word' id='word_1_190' title='bbox 217 2363 354 2431; x_wconf 85' lang='lat' dir='ltr'>sequentes</span> <span class='ocrx_word' id='word_1_191' title='bbox 368 2363 446 2425; x_wconf 87' lang='lat' dir='ltr'>libri,</span> <span class='ocrx_word' id='word_1_192' title='bbox 469 2378 499 2414; x_wconf 90' lang='lat' dir='ltr'>ut</span> <span class='ocrx_word' id='word_1_193' title='bbox 515 2362 543 2414; x_wconf 87' lang='lat' dir='ltr'>in</span> <span class='ocrx_word' id='word_1_194' title='bbox 554 2363 656 2425; x_wconf 84' lang='lat' dir='ltr'>AEnea,</span> <span class='ocrx_word' id='word_1_195' title='bbox 675 2364 753 2414; x_wconf 89' lang='lat' dir='ltr'>sicin</span> <span class='ocrx_word' id='word_1_196' title='bbox 768 2367 826 2417; x_wconf 83' lang='lat' dir='ltr'>Ca·&#39;</span> 
     </span>
     <span class='ocr_line' id='line_1_31' title="bbox 98 2433 819 2503; baseline -0.001 -15"><span class='ocrx_word' id='word_1_197' title='bbox 98 2437 179 2499; x_wconf 87' lang='lat' dir='ltr'>tolo,</span> <span class='ocrx_word' id='word_1_198' title='bbox 192 2435 248 2488; x_wconf 81' lang='lat' dir='ltr'>sola</span> <span class='ocrx_word' id='word_1_199' title='bbox 259 2435 373 2496; x_wconf 83' lang='lat' dir='ltr'>historiae</span> <span class='ocrx_word' id='word_1_200' title='bbox 385 2435 525 2503; x_wconf 70' lang='lat' dir='ltr'>preteritae</span> <span class='ocrx_word' id='word_1_201' title='bbox 537 2433 654 2502; x_wconf 85' lang='lat' dir='ltr'>cpisodia</span> <span class='ocrx_word' id='word_1_202' title='bbox 667 2437 819 2490; x_wconf 68' lang='lat' dir='ltr'>continent,</span> 
     </span>
     <span class='ocr_line' id='line_1_32' title="bbox 99 2508 817 2576; baseline -0.003 -14"><span class='ocrx_word' id='word_1_203' title='bbox 99 2510 177 2562; x_wconf 85' lang='lat' dir='ltr'>Unde</span> <span class='ocrx_word' id='word_1_204' title='bbox 190 2508 241 2560; x_wconf 75' lang='lat' dir='ltr'>alii</span> <span class='ocrx_word' id='word_1_205' title='bbox 259 2509 337 2576; x_wconf 87' lang='lat' dir='ltr'>poesi</span> <span class='ocrx_word' id='word_1_206' title='bbox 353 2509 409 2561; x_wconf 81' lang='lat' dir='ltr'>non</span> <span class='ocrx_word' id='word_1_207' title='bbox 428 2509 465 2562; x_wconf 84' lang='lat' dir='ltr'>est</span> <span class='ocrx_word' id='word_1_208' title='bbox 481 2523 566 2576; x_wconf 84' lang='lat' dir='ltr'>opus,</span> <span class='ocrx_word' id='word_1_209' title='bbox 583 2508 627 2560; x_wconf 87' lang='lat' dir='ltr'>sed</span> <span class='ocrx_word' id='word_1_210' title='bbox 646 2521 742 2560; x_wconf 86' lang='lat' dir='ltr'>ornatu</span> <span class='ocrx_word' id='word_1_211' title='bbox 762 2523 817 2560; x_wconf 85' lang='lat' dir='ltr'>tan·</span> 
     </span>
     <span class='ocr_line' id='line_1_33' title="bbox 100 2581 168 2634; baseline 0 -1"><span class='ocrx_word' id='word_1_212' title='bbox 100 2581 168 2634; x_wconf 82' lang='lat' dir='ltr'>nim.</span> 
     </span>
    </p>

    <p class='ocr_par' dir='ltr' id='par_1_9' title="bbox 99 2653 866 2946">
     <span class='ocr_line' id='line_1_34' title="bbox 137 2653 821 2725; baseline 0.006 -21"><span class='ocrx_word' id='word_1_213' title='bbox 137 2655 168 2704; x_wconf 91' lang='lat' dir='ltr'>ln</span> <span class='ocrx_word' id='word_1_214' title='bbox 186 2655 219 2715; x_wconf 84' lang='lat'>4⁰</span> <span class='ocrx_word' id='word_1_215' title='bbox 233 2654 301 2705; x_wconf 90' lang='lat' dir='ltr'>libro</span> <span class='ocrx_word' id='word_1_216' title='bbox 319 2693 327 2717; x_wconf 97' lang='lat'>,</span> <span class='ocrx_word' id='word_1_217' title='bbox 350 2669 381 2707; x_wconf 91' lang='lat' dir='ltr'>ut</span> <span class='ocrx_word' id='word_1_218' title='bbox 399 2655 533 2725; x_wconf 80' lang='lat' dir='ltr'>indignata</span> <span class='ocrx_word' id='word_1_219' title='bbox 548 2654 621 2707; x_wconf 88' lang='lat' dir='ltr'>Dido</span> <span class='ocrx_word' id='word_1_220' title='bbox 637 2654 727 2708; x_wconf 82' lang='lat' dir='ltr'>AEneae</span> <span class='ocrx_word' id='word_1_221' title='bbox 742 2653 821 2708; x_wconf 86' lang='lat' dir='ltr'>navi·-</span> 
     </span>
     <span class='ocr_line' id='line_1_35' title="bbox 99 2725 819 2796; baseline 0.006 -20"><span class='ocrx_word' id='word_1_222' title='bbox 99 2725 235 2795; x_wconf 82' lang='lat' dir='ltr'>gationem</span> <span class='ocrx_word' id='word_1_223' title='bbox 257 2741 367 2779; x_wconf 88' lang='lat' dir='ltr'>conatur</span> <span class='ocrx_word' id='word_1_224' title='bbox 392 2730 545 2796; x_wconf 86' lang='lat' dir='ltr'>abrumpere</span> <span class='ocrx_word' id='word_1_225' title='bbox 562 2746 570 2786; x_wconf 93' lang='lat'>·‚</span> <span class='ocrx_word' id='word_1_226' title='bbox 589 2727 629 2780; x_wconf 86' lang='lat' dir='ltr'>sic</span> <span class='ocrx_word' id='word_1_227' title='bbox 647 2729 788 2780; x_wconf 86' lang='lat' dir='ltr'>Antithcus</span> <span class='ocrx_word' id='word_1_228' title='bbox 808 2767 819 2793; x_wconf 35' lang='lat'>,1</span> 
     </span>
     <span class='ocr_line' id='line_1_36' title="bbox 99 2797 866 2870; baseline 0.005 -22"><span class='ocrx_word' id='word_1_229' title='bbox 99 2797 148 2865; x_wconf 85' lang='lat' dir='ltr'>qui</span> <span class='ocrx_word' id='word_1_230' title='bbox 165 2798 266 2850; x_wconf 86' lang='lat' dir='ltr'>idcirco</span> <span class='ocrx_word' id='word_1_231' title='bbox 286 2815 333 2866; x_wconf 89' lang='lat' dir='ltr'>pet</span> <span class='ocrx_word' id='word_1_232' title='bbox 348 2801 510 2867; x_wconf 89' lang='lat' dir='ltr'>Morpheum</span> <span class='ocrx_word' id='word_1_233' title='bbox 528 2799 617 2869; x_wconf 74' lang='lat' dir='ltr'>primo</span> <span class='ocrx_word' id='word_1_234' title='bbox 638 2801 700 2852; x_wconf 81' lang='lat' dir='ltr'>falsa</span> <span class='ocrx_word' id='word_1_235' title='bbox 717 2799 816 2852; x_wconf 83' lang='lat' dir='ltr'>immit·</span> <span class='ocrx_word' id='word_1_236' title='bbox 860 2859 866 2870; x_wconf 46' lang='grc'>,</span> 
     </span>
     <span class='ocr_line' id='line_1_37' title="bbox 99 2869 819 2946; baseline 0 -22"><span class='ocrx_word' id='word_1_237' title='bbox 99 2869 819 2946; x_wconf 74' lang='lat' dir='ltr'>titlonnia,quuminvenatione,subottltempestate,</span> 
     </span>
    </p>

    <p class='ocr_par' dir='ltr' id='par_1_10' title="bbox 601 2943 673 3008">
     <span class='ocr_line' id='line_1_38' title="bbox 601 2943 673 3008; baseline 0.028 -14"><span class='ocrx_word' id='word_1_238' title='bbox 601 2945 620 2994; x_wconf 92' lang='lat' dir='ltr'>B</span> <span class='ocrx_word' id='word_1_239' title='bbox 641 2943 673 3008; x_wconf 80' lang='lat' dir='ltr'>iij.</span> 
     </span>
    </p>
   </div>
   <div class='ocr_carea' id='block_1_6' title="bbox 0 0 1048 3652">
    <p class='ocr_par' dir='ltr' id='par_1_11' title="bbox 0 0 1048 3652">
     <span class='ocr_line' id='line_1_39' title="bbox 0 0 1048 3652; baseline 0 0"><span class='ocrx_word' id='word_1_240' title='bbox 0 0 1048 3652; x_wconf 95' lang='lat' dir='ltr'> </span> 
     </span>
    </p>
   </div>
  </div>
 </body>
</html>
