2086 3652
218 661 275 734 De
286 658 453 730 cheretim
464 656 673 742 elocutionis,
691 651 825 726 &cultu
837 655 939 746 Epiei

231 789 233 794 ·
262 757 429 844 carminis,
440 755 480 822 ab
492 753 567 822 aliis
583 749 747 844 &intusa
760 753 893 844 diuerso.

220 910 368 1042 Nunc
388 969 500 1044 propius
520 969 607 1040 ipsum
626 969 786 1034 discrimen,
808 986 862 1039 quo
882 970 938 1038 hoe

215 1047 344 1102 carminis
365 1063 466 1118 genus,
481 1060 539 1097 tum
559 1046 590 1097 ab
609 1043 690 1110 aliis,
705 1057 763 1096 tum
782 1041 863 1096 etiam
880 1043 937 1098 suis

220 1121 251 1174 in
265 1121 389 1173 membris
406 1119 594 1188 distinguatur,
604 1117 748 1168 videndum
759 1114 804 1170 est.
817 1115 938 1170 Univer-

222 1193 275 1246 sim
299 1191 329 1244 1⁰
352 1193 500 1245 monendus
523 1189 560 1243 est
586 1189 690 1253 ledior,
715 1189 807 1242 omnia
832 1188 872 1241 in·
887 1191 939 1243 hac

201 1275 203 1281 '
222 1265 320 1333 poesi,
337 1265 415 1332 quint
433 1265 463 1320 in
480 1265 617 1332 Elegiaea,
629 1261 680 1315 effe
693 1262 831 1332 grandiora
842 1279 851 1321 ς
863 1264 940 1330 quod

222 1351 253 1390 ut
273 1337 301 1389 in
314 1337 486 1406 conceptibus
505 1335 558 1401 jam
575 1335 637 1392 satis
655 1333 831 1396 ostendimus,
850 1333 889 1388 ita
907 1335 939 1390 in

222 1410 332 1474 verbis,
353 1409 507 1472 sententiis,
527 1407 663 1477 periodis,
678 1424 790 1478 totoque
808 1407 939 1462 elocutio·

222 1483 266 1535 nis
282 1483 372 1536 habitu
378 1521 390 1550 ¹,
399 1480 510 1534 minime
519 1481 605 1550 potest
613 1480 664 1534 effe
678 1482 842 1551 ambiguum,
855 1497 938 1550 qutun

222 1557 257 1606 ad
272 1555 381 1624 poesios
400 1558 524 1608 decorum
545 1555 709 1622 requiratur,
730 1569 759 1608 ut
783 1552 870 1606 oratio
895 1571 938 1606 re·

222 1627 272 1682 bus
290 1643 414 1696 apteturt
435 1645 493 1696 qun
511 1627 540 1679 in
558 1627 611 1680 hoc
630 1625 757 1680 scribendi
775 1642 872 1696 genere
894 1627 938 1680 su·

223 1717 333 1768 utuntur
348 1701 511 1754 illustriores.

264 1786 306 1828 2⁰.
325 1775 478 1828 Discrimen
496 1789 584 1826 tamen
599 1773 626 1825 δι
640 1772 668 1825 in
686 1773 735 1826 hnc
757 1771 836 1841 poesi
857 1770 939 1840 Epicd

225 1847 351 1900 universe
371 1847 474 1915 sumpti
500 1861 556 1898 non
576 1847 638 1898 leve
657 1845 769 1914 reperiri
787 1863 796 1906 ¹,
813 1863 846 1900 eo
866 1843 939 1914 quid

226 1937 284 1972 non
295 1921 396 1972 rantum
410 1935 512 1983 retum,
523 1920 566 1970 sed
578 1919 604 1970 δι
615 1919 787 1986 personarum
797 1917 940 1972 adhihenda

228 1991 264 2044 sit
278 1991 347 2043 ratio
360 2011 366 2044 :
379 1992 455 2044 aliter
471 1992 544 2044 enim
561 1990 684 2055 rusticus,
695 2011 724 2047 v.
736 2009 762 2062 g.
773 2006 818 2044 aut
829 1989 937 2059 opifex,

228 2064 260 2116 de
270 2065 359 2134 eadem
371 2081 399 2116 re
410 2065 455 2117 seu
473 2065 536 2116 belli
546 2103 557 2128 ,
568 2065 613 2118 seu
624 2064 696 2132 pacis
710 2105 717 2129 ,
730 2063 808 2134 quim
822 2065 937 2130 nobilis,
967 2121 969 2125 Α

228 2136 365 2204 politicus,
373 2136 938 2206 dusius,uutPrincepsdiscurritthumiliuti

227 2209 352 2262 disiionis
365 2227 459 2280 genere
466 2211 627 2281 sumptisque
637 2211 741 2264 aliunde
751 2209 843 2264 sabulis
851 2227 938 2264 exent-

227 2282 331 2349 piisque
342 2299 457 2336 mentem
469 2286 582 2354 exponit
593 2305 599 2337 :
611 2285 690 2336 aliter
699 2283 779 2338 etiam
788 2283 870 2336 humo
879 2283 938 2339 tidi-

225 2352 287 2405 culi
297 2354 409 2408 aliorum
421 2375 524 2422 mores,
535 2357 613 2427 quim
624 2355 693 2410 seris)
703 2357 808 2410 eosdem
817 2355 938 2424 perstrin·
1018 2373 1019 2380 ¹

226 2441 294 2495 gens
304 2443 348 2478 aut
359 2430 474 2484 laudans.
490 2433 558 2497 Quae
570 2429 661 2493 causa,
674 2447 720 2482 cur
731 2429 879 2497 vulgarium
888 2429 937 2482 ho·

228 2499 331 2550 minum
344 2501 446 2571 Eclogae
456 2504 533 2571 plane
541 2502 635 2556 humili
647 2503 767 2555 sermone
782 2501 938 2569 persequen·
1018 2563 1019 2566 Ἴ

226 2573 269 2622 de
279 2572 332 2623 sint
342 2591 350 2631 3
362 2573 391 2624 in
401 2577 503 2645 Satyris
512 2575 592 2628 etiam
601 2575 652 2627 vix
660 2574 736 2641 supri
752 2574 822 2624 hune
833 2576 937 2640 gradum
1018 2589 1019 2608 ¹

227 2643 266 2694 sit
285 2641 488 2714 assurgendum
509 2649 541 2698 nd
562 2647 698 2697 sublimem
720 2643 790 2695 certe
808 2645 937 2696 charadie.

227 2731 303 2779 tem,
319 2719 364 2786 qui
382 2721 457 2770 rebus
468 2716 586 2768 maxime
604 2715 677 2766 seriis
691 2713 867 2781 impenditur,
883 2729 936 2768 nott

226 2787 381 2842 enitendum
400 2808 408 2849 3
427 2805 507 2858 quum
523 2804 564 2838 tes
576 2786 655 2838 etiem
674 2802 767 2855 graves
787 2784 865 2839 simul
881 2802 935 2856 gra·

228 2860 300 2914 viter
316 2879 346 2915 ac
361 2860 470 2915 ridicule
486 2858 604 2930 proponi
618 2873 758 2930 nequeant.
