2040 3644
152 331 159 344 .
213 255 659 342 Paniaunasrr.
729 260 816 354 245

141 417 413 554 Tanna
461 439 741 516 iaculo,

101 622 180 676 Heu!
189 623 290 700 steriles
301 621 391 677 venia
399 623 533 690 lacrymas
544 624 550 675 !
561 634 629 673 vota
641 616 716 671 irrita
726 615 805 669 venti

62 719 228 789 Discerpunt
237 719 338 788 rapidi,
350 716 438 788 segnis
450 717 583 770 dimittere
592 716 696 768 fulmen

62 819 112 870 ille
122 819 199 872 Deus
208 857 215 882 ,
223 816 278 888 qud
286 817 436 886 suspensam
446 816 592 885 patientior
602 815 670 866 iram

62 913 176 966 Distulit
185 952 194 977 ,
202 912 256 967 hdc
266 913 362 977 iustum
372 911 491 982 graviori
499 911 611 963 fulmine
622 898 722 961 numen

62 1011 98 1061 Se
106 1010 212 1076 probat,
224 1025 303 1078 atque
315 1025 419 1061 moram
430 1007 584 1076 compensat
594 1005 721 1074 pondere.
734 1003 819 1069 Tota,

62 1106 175 1172 Quanta
183 1104 250 1171 suit,
262 1104 329 1158 cinis
340 1103 378 1158 est
388 1105 499 1173 Solyma
509 1143 517 1168 ,
527 1104 553 1156 ἃ
563 1100 679 1154 considit
689 1099 718 1152 in
729 1099 816 1170 igncsv

62 1199 205 1268 Quidquid
214 1217 297 1268 opum
309 1201 380 1254 Coeli
390 1199 547 1252 clementior
558 1215 619 1252 aura
629 1195 745 1250 faventis

63 1298 153 1376 Atque
164 1296 328 1366 triumphato
338 1279 452 1351 victoria
464 1296 538 1350 dives
548 1297 581 1348 ab
590 1295 654 1348 orbe

63 1395 419 1466 Contulerat‚quaecumque
428 1397 502 1448 labor
513 1395 638 1448 miracula
647 1391 743 1456 solers,

64 1489 187 1562 Quaque
199 1505 241 1544 tot
252 1495 388 1546 extuderat
397 1493 468 1546 felin
475 1492 613 1562 opulentia
624 1506 734 1562 regum,

63 1589 118 1640 Aur
127 1587 211 1640 avida
221 1605 331 1656 rapuere
340 1605 433 1642 manus
443 1628 452 1652 ,
462 1605 506 1640 aut
516 1590 621 1641 flamma
629 1585 739 1639 voravit

61 1683 217 1737 Praedatrix.
227 1683 306 1735 Tanti
318 1683 418 1736 constat
429 1682 556 1752 pepigisse
567 1684 704 1734 nefandam
752 1693 758 1700 ‘

65 1781 135 1832 Cum
147 1777 257 1846 populis
267 1782 373 1845 pacem!
385 1777 452 1830 tanti
463 1816 470 1840 ,
480 1757 544 1847 gens
556 1775 655 1845 perfida
665 1815 673 1840 ‚
683 1775 801 1840 constat,

63 1876 143 1942 Quos
153 1875 230 1926 Deus
239 1874 361 1926 exclusos
373 1891 388 1926 e
399 1872 487 1926 saucii
499 1869 603 1938 jusserat
615 1875 669 1925 ade
681 1911 690 1935 ‚

62 1973 227 2030 Damnatum
237 1972 351 2024 tenebris
361 1984 443 2042 genus
455 1985 534 2046 atque
547 1969 688 2025 insamihus
701 1969 774 2035 arie.

63 2066 197 2136 Accepisse
208 2068 274 2122 sacri
284 2068 429 2138 penetralia
439 2070 469 2122 in
483 2069 577 2120 intima
585 2067 703 2135 Templi.

99 2165 135 2214 At
144 2180 200 2214 non
208 2160 333 2214 lethifero
343 2163 461 2213 vindista
470 2162 507 2212 est
517 2163 615 2227 credita
622 2163 696 2213 beno
770 2191 777 2234 ς

62 2257 133 2308 Tota
143 2293 151 2319 ‚
161 2255 259 2307 samem
268 2255 297 2306 in
306 2269 394 2321 partes
402 2255 477 2305 Deus
486 2253 813 2322 advocataillapotentem

63 2350 167 2420 ingruit
177 2351 311 2402 adnutum
321 2349 416 2402 docilis
425 2367 432 2400 r
443 2329 606 2418 gemebunda
616 2365 665 2418 per
673 2366 752 2420 agros

65 2444 183 2515 Aspicias
193 2459 295 2512 reptare
306 2443 395 2514 viriim
406 2443 548 2495 simulacra
558 2462 567 2503 3
579 2444 726 2524 qtdiusque

65 2541 137 2597 Lassa
146 2557 253 2608 manus,
265 2538 381 2608 ferrique
390 2537 461 2591 acies
471 2537 592 2590 hebetata
600 2534 740 2607 pepercit,

66 2638 158 2709 Carpit
169 2654 216 2691 eos
225 2634 298 2690 lenti
307 2633 394 2688 vicinis
406 2633 519 2704 penuria
531 2635 600 2690 tabe.

66 2737 95 2790 Si
104 2735 167 2806 quid
177 2732 317 2788 avaritiem
326 2733 481 2802 predonum
491 2729 631 2805 effugerit,
646 2746 713 2786 auro

66 2833 157 2886 illusas
170 2830 258 2902 rigido
267 2828 371 2894 vestes,
383 2844 457 2883 texta
468 2845 563 2893 aurea,
576 2828 647 2882 susus

67 2927 150 3004 Queis
159 2927 250 2981 Luxus
261 2924 411 2995 pretiosum
422 2924 489 2978 olim
500 2923 648 3049 dmmssbiff
658 2921 724 2977 Eois

610 3013 640 3062 ¹²1
