2086 3652
226 320 270 368 m
395 277 747 368 'Haaorca

223 437 274 487 que
289 417 395 484 verbis,
415 421 635 488 quemadmodum
651 419 679 471 in
697 418 851 490 Proserpina
866 415 941 476 ntal‘e

223 493 380 544 Claudianus
392 532 399 556 ‚
410 491 439 543 in
448 493 595 544 Achilleide
609 493 671 544 fecit
682 493 780 545 Statius
792 532 799 556 ,
815 493 859 545 sed
875 495 938 546 Ho-

221 568 289 618 meri
321 565 411 633 potiais
438 581 467 616 ac
492 565 602 633 Virgilii
628 564 754 617 modestid
776 584 784 624 ;
812 582 860 618 nec
884 579 938 634 pro

221 639 280 690 luce
300 637 328 689 in
347 637 406 705 ipso
425 637 619 705 quamprimtim
638 638 709 688 aditu
730 639 832 690 sumum
851 639 936 690 nebu·

221 711 310 778 lasque
326 710 455 773 objicias,
475 709 588 777 denique
601 708 739 775 aemilius,
758 711 804 762 ubi
818 711 868 762 erit
883 729 936 778 op-

220 781 336 850 portune
354 781 543 851 assurgendum.

257 855 382 906 invocatio
407 855 467 906 huic
493 855 611 907 numinis
635 853 689 908 fere
716 854 873 924 adjungitur.
903 855 938 907 Et

221 927 245 980 si
261 929 313 981 ltoc
328 927 452 990 Edmici,
469 927 562 996 quibus
575 929 683 980 solenne
698 927 748 980 fuit
766 928 852 980 diove
866 929 937 996 prin·

214 1001 305 1068 alpium
316 1041 323 1064 ,
336 999 436 1070 quanti)
446 1000 546 1070 aquius
559 1015 589 1052 ttt
603 1001 743 1053 Christiani
756 1000 783 1052 id
797 999 936 1068 ptaesteut,

221 1091 277 1125 non
293 1073 399 1143 quidem
420 1091 433 1124 a
449 1075 571 1136 Phoebo,
590 1090 634 1125 aut
653 1073 798 1136 Minerva,
819 1089 849 1126 ut
864 1089 934 1125 non-

220 1147 287 1200 nulli
308 1163 473 1214 perperam,
498 1148 550 1198 hoc
570 1148 641 1198 enim
662 1145 724 1198 esset
749 1145 855 1214 pietatis
875 1143 936 1198 otii-

221 1219 292 1270 cium
315 1220 343 1269 in
360 1219 501 1270 ludibrium
523 1218 755 1286 &superstitionis
777 1218 857 1270 titum
876 1235 936 1270 ver-

220 1305 294 1349 tere,
316 1292 359 1342 sed
375 1292 465 1342 divini
487 1291 576 1358 potitis
596 1290 744 1357 sapientiai,
766 1306 811 1341 aut
829 1293 936 1343 tutelari

220 1363 311 1430 genio.
319 1365 371 1415 Sub
384 1363 435 1431 qui
443 1365 525 1414 Vates
534 1401 541 1424 ‚
551 1363 574 1413 si
586 1379 626 1413 res
641 1361 791 1428 temp'orum
801 1365 935 1414 locorum-

220 1451 256 1486 ve
274 1436 468 1504 longinquitate
487 1449 619 1498 remotas,
641 1433 685 1485 seu
703 1434 830 1486 varietate
855 1436 935 1488 dissi-

221 1523 312 1574 patas,
328 1509 373 1560 seu
390 1509 474 1560 causis
490 1509 606 1570 abditas,
626 1506 713 1558 mimis
732 1508 872 1574 praesentes
892 1509 934 1560 ha·

220 1581 281 1632 bete
300 1581 438 1642 videatur,
460 1580 576 1631 numinis
598 1597 650 1648 ope
675 1595 705 1632 ea
728 1579 813 1631 oculis
840 1579 934 1646 subjici

220 1655 308 1705 autad
323 1671 353 1706 ea
367 1653 503 1722 spodianda
521 1654 547 1704 se
563 1652 696 1705 transferri
713 1669 769 1704 non
787 1653 933 1722 incongrue

220 1723 312 1794 finget.
328 1726 417 1792 Major
432 1727 504 1778 enim
519 1726 562 1778 vis
580 1726 616 1778 est
630 1725 728 1778 oculati
745 1725 816 1778 testis
829 1729 861 1778 ad
876 1743 934 1795 per·

220 1797 388 1851 suadendum.
406 1798 476 1850 Vide
494 1798 571 1850 infra.
589 1799 689 1851 Satcot.
708 1801 726 1851 l.
750 1815 775 1852 1.

259 1873 302 1924 2⁹.
317 1873 434 1922 Narratio
450 1873 583 1938 praecipua
597 1872 735 1939 Epopoeiae
754 1888 813 1938 pars
831 1871 884 1935 est,
905 1871 934 1925 in

220 1959 271 2010 qua
286 1944 483 1994 fundamentum
498 1946 542 1993 vel
559 1944 634 1994 debet
649 1942 699 1994 esse
714 1943 867 1996 historicum
882 1962 933 1998 no·

220 2029 344 2082 tumque,
355 2017 399 2065 vel
411 2016 501 2064 saltem
514 2017 545 2066 de
559 2015 671 2081 persona
682 2031 746 2066 veta
757 2016 932 2086 cognitaque,

220 2085 264 2137 cui
280 2086 462 2137 verisimiliter
478 2089 534 2138 haec
549 2087 619 2140 aelio
637 2087 772 2140 tribuatur.
786 2091 817 2141 ln
830 2091 932 2144 rarione

218 2156 286 2209 vetti
302 2171 453 2227 temporum
463 2162 626 2221 cavendum,
641 2161 748 2230 nequid
764 2179 824 2214 cum
833 2163 932 2215 histori-

219 2231 259 2288 cis
279 2247 398 2301 pugnes,
422 2247 454 2286 ut
471 2233 499 2284 in
519 2234 630 2286 Didone
649 2251 709 2286 eum
729 2235 813 2288 AEnea
832 2236 931 2289 sociati

159 2357 162 2374 Ι
220 2303 370 2372 Virgilius,
385 2322 442 2372 quae
459 2309 544 2358 millto
558 2307 616 2374 post
629 2307 704 2359 illum
717 2309 789 2360 uixit
801 2323 929 2376 tempore.

218 2375 406 2444 Philosophica
418 2378 497 2442 item,
508 2380 690 2450 Theologica‚
709 2381 821 2432 Politice
835 2421 842 2444 ‚
860 2381 930 2434 Geo-

219 2449 357 2517 graphica,
368 2450 552 2524 Astronomica
560 2469 617 2505 non
625 2470 659 2505 ex
670 2453 778 2506 arbitrio
790 2453 929 2523 fingentis,

219 2522 345 2586 fedane,
362 2524 493 2578 tristanda
508 2519 593 2577 erunt.
605 2526 689 2578 Porto
702 2526 784 2578 totius
801 2527 929 2578 narratio·

219 2595 261 2646 nis
280 2613 310 2646 ea
328 2598 405 2648 debet
422 2597 472 2650 elie
490 2599 651 2666 dispositio,
668 2613 698 2649 ut
715 2597 861 2659 varietate,
881 2615 947 2650 nou
977 2602 1003 2630 ¹*

218 2667 320 2730 vitate,
336 2685 365 2719 ac
380 2671 573 2736 pulchritudine
586 2672 694 2736 quadam
712 2686 798 2720 rerum
811 2671 900 2735 persua
907 2671 929 2726 ti

219 2739 410 2808 distinguique,
424 2743 455 2792 ad
467 2743 619 2805 captandam
631 2740 831 2790 admirationem
843 2742 868 2790 δε
878 2759 928 2792 vo-

198 2813 203 2826 “
219 2812 365 2877 luptatem‚
380 2827 465 2880 queat.
483 2813 569 2876 Quam
582 2811 737 2862 varietatem
753 2811 806 2862 nisi
819 2811 873 2878 ipsa
889 2814 928 2864 se·

198 2901 202 2906 ·
219 2899 280 2936 cum
295 2885 401 2937 historia
413 2884 510 2936 adferat
521 2899 568 2952 pet
580 2883 698 2952 episodia
709 2898 860 2952 opportuna
871 2881 927 2940 live
993 2923 994 2930 η
1037 2883 1038 2914 ³
