<?xml version="1.0" encoding="UTF-8"?>
<!DOCTYPE html PUBLIC "-//W3C//DTD XHTML 1.0 Transitional//EN"
    "http://www.w3.org/TR/xhtml1/DTD/xhtml1-transitional.dtd">
<html xmlns="http://www.w3.org/1999/xhtml" xml:lang="en" lang="en">
 <head>
  <title>
</title>
<meta http-equiv="Content-Type" content="text/html;charset=utf-8" />
  <meta name='ocr-system' content='tesseract 3.04.00' />
  <meta name='ocr-capabilities' content='ocr_page ocr_carea ocr_par ocr_line ocrx_word'/>
</head>
<body>
  <div class='ocr_page' id='page_1' title='image "./sarcotisetcarol00masegoog_0155.png"; bbox 0 0 2086 3652; ppageno 0'>
   <div class='ocr_carea' id='block_1_1' title="bbox 259 312 837 405">
    <p class='ocr_par' dir='ltr' id='par_1_1' title="bbox 259 312 837 405">
     <span class='ocr_line' id='line_1_1' title="bbox 259 312 837 405; baseline 0 -25"><span class='ocrx_word' id='word_1_1' title='bbox 259 336 261 340; x_wconf 51' lang='lat'><strong><em>¹</em></strong></span> <span class='ocrx_word' id='word_1_2' title='bbox 333 312 620 391; x_wconf 69' lang='lat' dir='ltr'><strong>Possm.</strong></span> <span class='ocrx_word' id='word_1_3' title='bbox 792 331 837 405; x_wconf 80' lang='lat'><strong>73</strong></span> 
     </span>
    </p>
   </div>
   <div class='ocr_carea' id='block_1_2' title="bbox 94 425 900 2983">
    <p class='ocr_par' dir='ltr' id='par_1_2' title="bbox 120 425 831 502">
     <span class='ocr_line' id='line_1_2' title="bbox 120 425 831 502; baseline -0.003 -14"><span class='ocrx_word' id='word_1_4' title='bbox 120 429 296 488; x_wconf 75' lang='lat' dir='ltr'>resolutionis</span> <span class='ocrx_word' id='word_1_5' title='bbox 322 470 330 496; x_wconf 91' lang='lat'>‚</span> <span class='ocrx_word' id='word_1_6' title='bbox 368 433 394 485; x_wconf 76' lang='grc' dir='ltr'><strong>δι</strong></span> <span class='ocrx_word' id='word_1_7' title='bbox 430 430 637 500; x_wconf 84' lang='lat' dir='ltr'><strong>compositionis</strong></span> <span class='ocrx_word' id='word_1_8' title='bbox 672 425 831 502; x_wconf 69' lang='lat' dir='ltr'><strong>prosequar,</strong></span> 
     </span>
    </p>

    <p class='ocr_par' dir='ltr' id='par_1_3' title="bbox 122 504 900 794">
     <span class='ocr_line' id='line_1_3' title="bbox 161 504 841 560; baseline 0.001 -2"><span class='ocrx_word' id='word_1_9' title='bbox 161 504 252 558; x_wconf 79' lang='lat' dir='ltr'><strong>Primi&gt;</strong></span> <span class='ocrx_word' id='word_1_10' title='bbox 271 504 322 557; x_wconf 81' lang='lat' dir='ltr'><strong>viae</strong></span> <span class='ocrx_word' id='word_1_11' title='bbox 340 507 512 560; x_wconf 85' lang='lat' dir='ltr'><strong>resolutionis</strong></span> <span class='ocrx_word' id='word_1_12' title='bbox 532 504 689 558; x_wconf 86' lang='lat' dir='ltr'><strong>insistamus.</strong></span> <span class='ocrx_word' id='word_1_13' title='bbox 711 507 841 559; x_wconf 75' lang='lat' dir='ltr'><strong>Exordiu-</strong></span> 
     </span>
     <span class='ocr_line' id='line_1_4' title="bbox 123 579 900 648; baseline -0.003 -16"><span class='ocrx_word' id='word_1_14' title='bbox 123 595 184 632; x_wconf 87' lang='lat' dir='ltr'><strong>mur</strong></span> <span class='ocrx_word' id='word_1_15' title='bbox 207 580 239 630; x_wconf 86' lang='lat' dir='ltr'><strong>ab</strong></span> <span class='ocrx_word' id='word_1_16' title='bbox 263 579 359 648; x_wconf 82' lang='lat' dir='ltr'><strong>Ecloga</strong></span> <span class='ocrx_word' id='word_1_17' title='bbox 381 595 393 632; x_wconf 88' lang='lat'>1</span> <span class='ocrx_word' id='word_1_18' title='bbox 418 579 548 648; x_wconf 86' lang='lat' dir='ltr'><strong>Virgilii,</strong></span> <span class='ocrx_word' id='word_1_19' title='bbox 575 579 656 648; x_wconf 81' lang='lat' dir='ltr'><strong>Tityre</strong></span> <span class='ocrx_word' id='word_1_20' title='bbox 681 596 706 630; x_wconf 85' lang='lat' dir='ltr'><strong>tu</strong></span> <span class='ocrx_word' id='word_1_21' title='bbox 723 581 838 647; x_wconf 79' lang='lat' dir='ltr'><strong>patulae3</strong></span> <span class='ocrx_word' id='word_1_22' title='bbox 899 643 900 646; x_wconf 8' lang='grc' dir='ltr'><strong>Ἴ</strong></span> 
     </span>
     <span class='ocr_line' id='line_1_5' title="bbox 122 651 841 722; baseline 0.006 -18"><span class='ocrx_word' id='word_1_23' title='bbox 122 666 209 704; x_wconf 87' lang='lat' dir='ltr'><strong>cetera</strong></span> <span class='ocrx_word' id='word_1_24' title='bbox 233 651 289 704; x_wconf 86' lang='lat' dir='ltr'><strong>illic</strong></span> <span class='ocrx_word' id='word_1_25' title='bbox 310 653 393 718; x_wconf 89' lang='lat' dir='ltr'><strong>vide,</strong></span> <span class='ocrx_word' id='word_1_26' title='bbox 408 669 438 704; x_wconf 92' lang='lat' dir='ltr'><strong>ac</strong></span> <span class='ocrx_word' id='word_1_27' title='bbox 459 653 498 706; x_wconf 87' lang='lat' dir='ltr'><strong>sic</strong></span> <span class='ocrx_word' id='word_1_28' title='bbox 527 652 652 706; x_wconf 81' lang='lat' dir='ltr'><strong>resolve:</strong></span> <span class='ocrx_word' id='word_1_29' title='bbox 672 653 841 722; x_wconf 78' lang='lat' dir='ltr'><strong>(Meliboeus</strong></span> 
     </span>
     <span class='ocr_line' id='line_1_6' title="bbox 122 725 834 794; baseline -0.007 -14"><span class='ocrx_word' id='word_1_30' title='bbox 122 725 276 793; x_wconf 87' lang='lat' dir='ltr'><strong>loquitur.)</strong></span> <span class='ocrx_word' id='word_1_31' title='bbox 813 773 834 794; x_wconf 18' lang='grc' dir='ltr'><strong>Α,</strong></span> 
     </span>
    </p>

    <p class='ocr_par' dir='ltr' id='par_1_4' title="bbox 94 797 887 1524">
     <span class='ocr_line' id='line_1_7' title="bbox 158 797 841 868; baseline 0.003 -18"><span class='ocrx_word' id='word_1_32' title='bbox 158 797 253 867; x_wconf 83' lang='lat' dir='ltr'><strong>Tityre</strong></span> <span class='ocrx_word' id='word_1_33' title='bbox 270 834 277 857; x_wconf 90' lang='lat'><strong><em>‚</em></strong></span> <span class='ocrx_word' id='word_1_34' title='bbox 296 813 326 851; x_wconf 91' lang='lat' dir='ltr'><strong>tu</strong></span> <span class='ocrx_word' id='word_1_35' title='bbox 343 799 389 850; x_wconf 90' lang='lat' dir='ltr'><strong>sub</strong></span> <span class='ocrx_word' id='word_1_36' title='bbox 403 798 456 867; x_wconf 79' lang='lat' dir='ltr'><strong>sagi</strong></span> <span class='ocrx_word' id='word_1_37' title='bbox 472 797 589 868; x_wconf 85' lang='lat' dir='ltr'><strong>tegmine</strong></span> <span class='ocrx_word' id='word_1_38' title='bbox 600 800 744 862; x_wconf 78' lang='lat' dir='ltr'><strong>recubans,</strong></span> <span class='ocrx_word' id='word_1_39' title='bbox 757 799 841 852; x_wconf 87' lang='lat' dir='ltr'><strong>silve·</strong></span> 
     </span>
     <span class='ocr_line' id='line_1_8' title="bbox 121 869 841 924; baseline 0.003 -2"><span class='ocrx_word' id='word_1_40' title='bbox 121 869 199 923; x_wconf 76' lang='lat' dir='ltr'><strong>sirem</strong></span> <span class='ocrx_word' id='word_1_41' title='bbox 215 873 315 924; x_wconf 86' lang='lat' dir='ltr'><strong>musam</strong></span> <span class='ocrx_word' id='word_1_42' title='bbox 334 871 409 923; x_wconf 86' lang='lat' dir='ltr'><strong>tenui</strong></span> <span class='ocrx_word' id='word_1_43' title='bbox 428 887 511 924; x_wconf 88' lang='lat' dir='ltr'><strong>avena</strong></span> <span class='ocrx_word' id='word_1_44' title='bbox 530 871 664 924; x_wconf 87' lang='lat' dir='ltr'><strong>meditaris</strong></span> <span class='ocrx_word' id='word_1_45' title='bbox 685 889 760 924; x_wconf 89' lang='lat' dir='ltr'><strong>:nos</strong></span> <span class='ocrx_word' id='word_1_46' title='bbox 781 874 841 924; x_wconf 93' lang='lat' dir='ltr'><strong>dul-</strong></span> 
     </span>
     <span class='ocr_line' id='line_1_9' title="bbox 94 942 842 1012; baseline 0 -16"><span class='ocrx_word' id='word_1_47' title='bbox 94 999 98 1005; x_wconf 64' lang='lat'><strong>,</strong></span> <span class='ocrx_word' id='word_1_48' title='bbox 122 944 164 996; x_wconf 86' lang='lat' dir='ltr'><strong>cia</strong></span> <span class='ocrx_word' id='word_1_49' title='bbox 175 945 266 1012; x_wconf 81' lang='lat' dir='ltr'><strong>patriae</strong></span> <span class='ocrx_word' id='word_1_50' title='bbox 284 943 365 1007; x_wconf 85' lang='lat' dir='ltr'><strong>arva,</strong></span> <span class='ocrx_word' id='word_1_51' title='bbox 385 943 502 1010; x_wconf 83' lang='lat' dir='ltr'><strong>finesque</strong></span> <span class='ocrx_word' id='word_1_52' title='bbox 513 942 659 1010; x_wconf 88' lang='lat' dir='ltr'><strong>linquimus</strong></span> <span class='ocrx_word' id='word_1_53' title='bbox 676 962 684 1002; x_wconf 78' lang='lat'>3</span> <span class='ocrx_word' id='word_1_54' title='bbox 702 960 753 996; x_wconf 90' lang='lat' dir='ltr'><strong>nos</strong></span> <span class='ocrx_word' id='word_1_55' title='bbox 770 944 842 1012; x_wconf 82' lang='lat' dir='ltr'><strong>fugi·</strong></span> 
     </span>
     <span class='ocr_line' id='line_1_10' title="bbox 120 1015 841 1086; baseline -0.003 -18"><span class='ocrx_word' id='word_1_56' title='bbox 120 1034 179 1070; x_wconf 88' lang='lat' dir='ltr'><strong>mus</strong></span> <span class='ocrx_word' id='word_1_57' title='bbox 192 1021 304 1086; x_wconf 90' lang='lat' dir='ltr'><strong>patriam</strong></span> <span class='ocrx_word' id='word_1_58' title='bbox 317 1033 384 1079; x_wconf 88' lang='lat' dir='ltr'><strong>;tu,</strong></span> <span class='ocrx_word' id='word_1_59' title='bbox 399 1017 494 1084; x_wconf 87' lang='lat' dir='ltr'><strong>Tityre</strong></span> <span class='ocrx_word' id='word_1_60' title='bbox 505 1054 513 1079; x_wconf 93' lang='lat'><strong>,</strong></span> <span class='ocrx_word' id='word_1_61' title='bbox 524 1015 552 1066; x_wconf 91' lang='lat' dir='ltr'><strong>in</strong></span> <span class='ocrx_word' id='word_1_62' title='bbox 564 1017 654 1068; x_wconf 86' lang='lat' dir='ltr'><strong>umbra</strong></span> <span class='ocrx_word' id='word_1_63' title='bbox 669 1018 756 1070; x_wconf 80' lang='lat' dir='ltr'><strong>lentus</strong></span> <span class='ocrx_word' id='word_1_64' title='bbox 766 1053 772 1078; x_wconf 89' lang='lat'><strong>,</strong></span> <span class='ocrx_word' id='word_1_65' title='bbox 784 1017 841 1068; x_wconf 87' lang='lat' dir='ltr'><strong>for-</strong></span> 
     </span>
     <span class='ocr_line' id='line_1_11' title="bbox 121 1087 887 1159; baseline -0.003 -18"><span class='ocrx_word' id='word_1_66' title='bbox 121 1091 223 1143; x_wconf 88' lang='lat' dir='ltr'><strong>mosam</strong></span> <span class='ocrx_word' id='word_1_67' title='bbox 240 1090 404 1159; x_wconf 76' lang='lat' dir='ltr'><strong>Amaryllida</strong></span> <span class='ocrx_word' id='word_1_68' title='bbox 422 1089 603 1158; x_wconf 83' lang='lat' dir='ltr'><strong>·sylvasdoces</strong></span> <span class='ocrx_word' id='word_1_69' title='bbox 624 1089 754 1142; x_wconf 89' lang='lat' dir='ltr'><strong>resonare.</strong></span> <span class='ocrx_word' id='word_1_70' title='bbox 772 1087 844 1157; x_wconf 87' lang='lat' dir='ltr'><strong>(Ti-</strong></span> <span class='ocrx_word' id='word_1_71' title='bbox 886 1151 887 1156; x_wconf 10' lang='grc' dir='ltr'><strong>Ἰ</strong></span> 
     </span>
     <span class='ocr_line' id='line_1_12' title="bbox 121 1160 842 1233; baseline -0.003 -17"><span class='ocrx_word' id='word_1_72' title='bbox 121 1177 198 1232; x_wconf 88' lang='lat' dir='ltr'><strong>tyrus</strong></span> <span class='ocrx_word' id='word_1_73' title='bbox 217 1161 379 1233; x_wconf 85' lang='lat' dir='ltr'><strong>respondet)</strong></span> <span class='ocrx_word' id='word_1_74' title='bbox 395 1163 470 1214; x_wconf 88' lang='lat' dir='ltr'><strong>Deus</strong></span> <span class='ocrx_word' id='word_1_75' title='bbox 490 1160 567 1212; x_wconf 89' lang='lat' dir='ltr'><strong>nobis</strong></span> <span class='ocrx_word' id='word_1_76' title='bbox 587 1161 641 1213; x_wconf 65' lang='lat' dir='ltr'><strong>hec</strong></span> <span class='ocrx_word' id='word_1_77' title='bbox 661 1161 735 1226; x_wconf 87' lang='lat' dir='ltr'><strong>otia,</strong></span> <span class='ocrx_word' id='word_1_78' title='bbox 758 1161 842 1215; x_wconf 90' lang='lat' dir='ltr'><strong>Meli·</strong></span> 
     </span>
     <span class='ocr_line' id='line_1_13' title="bbox 101 1233 837 1303; baseline 0 -15"><span class='ocrx_word' id='word_1_79' title='bbox 101 1255 103 1260; x_wconf 95' lang='lat'>·</span> <span class='ocrx_word' id='word_1_80' title='bbox 120 1236 196 1301; x_wconf 89' lang='lat' dir='ltr'><strong>hoee,</strong></span> <span class='ocrx_word' id='word_1_81' title='bbox 212 1239 285 1290; x_wconf 79' lang='lat' dir='ltr'><strong>fecit.</strong></span> <span class='ocrx_word' id='word_1_82' title='bbox 305 1238 425 1303; x_wconf 89' lang='lat' dir='ltr'><strong>Namque</strong></span> <span class='ocrx_word' id='word_1_83' title='bbox 436 1235 481 1286; x_wconf 88' lang='lat' dir='ltr'><strong>ille</strong></span> <span class='ocrx_word' id='word_1_84' title='bbox 493 1233 558 1286; x_wconf 89' lang='lat' dir='ltr'><strong>mihi</strong></span> <span class='ocrx_word' id='word_1_85' title='bbox 571 1234 674 1303; x_wconf 87' lang='lat' dir='ltr'><strong>semper</strong></span> <span class='ocrx_word' id='word_1_86' title='bbox 688 1235 738 1288; x_wconf 93' lang='lat' dir='ltr'><strong>erit</strong></span> <span class='ocrx_word' id='word_1_87' title='bbox 747 1236 837 1301; x_wconf 83' lang='lat' dir='ltr'><strong>Deus,</strong></span> 
     </span>
     <span class='ocr_line' id='line_1_14' title="bbox 121 1306 839 1379; baseline 0.003 -19"><span class='ocrx_word' id='word_1_88' title='bbox 121 1309 190 1378; x_wconf 85' lang='lat' dir='ltr'><strong>saepe</strong></span> <span class='ocrx_word' id='word_1_89' title='bbox 204 1311 277 1362; x_wconf 91' lang='lat' dir='ltr'><strong>illius</strong></span> <span class='ocrx_word' id='word_1_90' title='bbox 294 1309 364 1362; x_wconf 77' lang='lat' dir='ltr'><strong>atain</strong></span> <span class='ocrx_word' id='word_1_91' title='bbox 380 1323 456 1370; x_wconf 85' lang='lat' dir='ltr'><strong>tener</strong></span> <span class='ocrx_word' id='word_1_92' title='bbox 472 1309 503 1360; x_wconf 81' lang='lat' dir='ltr'><strong>ab</strong></span> <span class='ocrx_word' id='word_1_93' title='bbox 513 1306 631 1362; x_wconf 87' lang='lat' dir='ltr'><strong>ovilibus</strong></span> <span class='ocrx_word' id='word_1_94' title='bbox 649 1308 744 1362; x_wconf 87' lang='lat' dir='ltr'><strong>nostris</strong></span> <span class='ocrx_word' id='word_1_95' title='bbox 756 1325 839 1379; x_wconf 82' lang='lat' dir='ltr'><strong>agnus</strong></span> 
     </span>
     <span class='ocr_line' id='line_1_15' title="bbox 120 1381 839 1450; baseline 0.001 -18"><span class='ocrx_word' id='word_1_96' title='bbox 120 1381 222 1436; x_wconf 86' lang='lat' dir='ltr'><strong>imbuet</strong></span> <span class='ocrx_word' id='word_1_97' title='bbox 234 1403 242 1440; x_wconf 71' lang='grc' dir='ltr'><strong>ς</strong></span> <span class='ocrx_word' id='word_1_98' title='bbox 255 1384 318 1444; x_wconf 90' lang='lat' dir='ltr'><strong>ille,</strong></span> <span class='ocrx_word' id='word_1_99' title='bbox 331 1397 360 1434; x_wconf 92' lang='lat' dir='ltr'><strong>ut</strong></span> <span class='ocrx_word' id='word_1_100' title='bbox 378 1382 481 1444; x_wconf 87' lang='lat' dir='ltr'><strong>cernis,</strong></span> <span class='ocrx_word' id='word_1_101' title='bbox 500 1399 571 1434; x_wconf 89' lang='lat' dir='ltr'><strong>meas</strong></span> <span class='ocrx_word' id='word_1_102' title='bbox 587 1399 672 1434; x_wconf 84' lang='lat' dir='ltr'><strong>errare</strong></span> <span class='ocrx_word' id='word_1_103' title='bbox 683 1381 767 1434; x_wconf 75' lang='lat' dir='ltr'><strong>bo&#39;ves</strong></span> <span class='ocrx_word' id='word_1_104' title='bbox 778 1399 839 1450; x_wconf 84' lang='lat' dir='ltr'><strong>per·</strong></span> 
     </span>
     <span class='ocr_line' id='line_1_16' title="bbox 120 1454 840 1524; baseline 0.006 -17"><span class='ocrx_word' id='word_1_105' title='bbox 120 1456 212 1519; x_wconf 87' lang='lat' dir='ltr'><strong>misit,</strong></span> <span class='ocrx_word' id='word_1_106' title='bbox 223 1455 249 1506; x_wconf 68' lang='grc' dir='ltr'><strong>ὅ(</strong></span> <span class='ocrx_word' id='word_1_107' title='bbox 259 1455 345 1521; x_wconf 88' lang='lat' dir='ltr'><strong>ipsum</strong></span> <span class='ocrx_word' id='word_1_108' title='bbox 355 1473 412 1522; x_wconf 83' lang='lat' dir='ltr'><strong>quae</strong></span> <span class='ocrx_word' id='word_1_109' title='bbox 422 1458 519 1505; x_wconf 90' lang='lat' dir='ltr'><strong>vellem</strong></span> <span class='ocrx_word' id='word_1_110' title='bbox 531 1457 631 1506; x_wconf 86' lang='lat' dir='ltr'><strong>calamo</strong></span> <span class='ocrx_word' id='word_1_111' title='bbox 642 1454 732 1524; x_wconf 85' lang='lat' dir='ltr'><strong>agresti</strong></span> <span class='ocrx_word' id='word_1_112' title='bbox 739 1455 840 1511; x_wconf 80' lang='lat' dir='ltr'><strong>ludere.</strong></span> 
     </span>
    </p>

    <p class='ocr_par' dir='ltr' id='par_1_5' title="bbox 115 1526 868 2983">
     <span class='ocr_line' id='line_1_17' title="bbox 158 1526 839 1593; baseline 0.001 -14"><span class='ocrx_word' id='word_1_113' title='bbox 158 1529 211 1580; x_wconf 86' lang='lat' dir='ltr'><strong>Hic</strong></span> <span class='ocrx_word' id='word_1_114' title='bbox 230 1544 266 1578; x_wconf 81' lang='lat' dir='ltr'><strong>ex</strong></span> <span class='ocrx_word' id='word_1_115' title='bbox 280 1528 395 1576; x_wconf 88' lang='lat' dir='ltr'><strong>resoluta</strong></span> <span class='ocrx_word' id='word_1_116' title='bbox 411 1529 464 1578; x_wconf 92' lang='lat' dir='ltr'><strong>hoc</strong></span> <span class='ocrx_word' id='word_1_117' title='bbox 481 1526 559 1593; x_wconf 60' lang='lat' dir='ltr'><strong>padio</strong></span> <span class='ocrx_word' id='word_1_118' title='bbox 580 1527 719 1592; x_wconf 81' lang='lat' dir='ltr'><strong>oratione,</strong></span> <span class='ocrx_word' id='word_1_119' title='bbox 737 1527 839 1580; x_wconf 77' lang='lat' dir='ltr'><strong>facilius</strong></span> 
     </span>
     <span class='ocr_line' id='line_1_18' title="bbox 119 1599 839 1665; baseline 0.001 -14"><span class='ocrx_word' id='word_1_120' title='bbox 119 1599 195 1652; x_wconf 86' lang='lat' dir='ltr'><strong>illius</strong></span> <span class='ocrx_word' id='word_1_121' title='bbox 219 1613 339 1648; x_wconf 90' lang='lat' dir='ltr'><strong>naturam</strong></span> <span class='ocrx_word' id='word_1_122' title='bbox 365 1599 490 1665; x_wconf 86' lang='lat' dir='ltr'><strong>dotesque</strong></span> <span class='ocrx_word' id='word_1_123' title='bbox 519 1599 654 1664; x_wconf 85' lang='lat' dir='ltr'><strong>perspicis.</strong></span> <span class='ocrx_word' id='word_1_124' title='bbox 677 1599 763 1662; x_wconf 20' lang='lat' dir='ltr'><strong>,Certe</strong></span> <span class='ocrx_word' id='word_1_125' title='bbox 785 1617 839 1653; x_wconf 89' lang='lat' dir='ltr'><strong>ter·</strong></span> 
     </span>
     <span class='ocr_line' id='line_1_19' title="bbox 119 1663 839 1736; baseline 0.006 -15"><span class='ocrx_word' id='word_1_126' title='bbox 119 1671 208 1730; x_wconf 88' lang='lat' dir='ltr'><strong>tium,</strong></span> <span class='ocrx_word' id='word_1_127' title='bbox 226 1683 272 1720; x_wconf 89' lang='lat' dir='ltr'><strong>aut</strong></span> <span class='ocrx_word' id='word_1_128' title='bbox 288 1667 482 1720; x_wconf 83' lang='lat' dir='ltr'><strong>hemistichium</strong></span> <span class='ocrx_word' id='word_1_129' title='bbox 498 1671 603 1735; x_wconf 89' lang='lat' dir='ltr'><strong>quarti,</strong></span> <span class='ocrx_word' id='word_1_130' title='bbox 620 1687 700 1736; x_wconf 91' lang='lat' dir='ltr'><strong>quum</strong></span> <span class='ocrx_word' id='word_1_131' title='bbox 719 1674 772 1724; x_wconf 88' lang='lat' dir='ltr'><strong>fere</strong></span> <span class='ocrx_word' id='word_1_132' title='bbox 791 1663 839 1725; x_wconf 83' lang='lat' dir='ltr'><strong>co·</strong></span> 
     </span>
     <span class='ocr_line' id='line_1_20' title="bbox 120 1739 838 1804; baseline 0.001 -10"><span class='ocrx_word' id='word_1_133' title='bbox 120 1741 258 1804; x_wconf 88' lang='lat' dir='ltr'><strong>incidant,</strong></span> <span class='ocrx_word' id='word_1_134' title='bbox 275 1739 371 1792; x_wconf 63' lang='lat' dir='ltr'><strong>restitit</strong></span> <span class='ocrx_word' id='word_1_135' title='bbox 387 1744 540 1792; x_wconf 87' lang='lat' dir='ltr'><strong>alterutrum</strong></span> <span class='ocrx_word' id='word_1_136' title='bbox 551 1742 595 1792; x_wconf 77' lang='lat' dir='ltr'><strong>sui</strong></span> <span class='ocrx_word' id='word_1_137' title='bbox 612 1743 838 1796; x_wconf 32' lang='lat' dir='ltr'><strong>orationefMaro-</strong></span> 
     </span>
     <span class='ocr_line' id='line_1_21' title="bbox 120 1813 840 1885; baseline 0.003 -17"><span class='ocrx_word' id='word_1_138' title='bbox 120 1829 185 1868; x_wconf 87' lang='lat' dir='ltr'><strong>nem</strong></span> <span class='ocrx_word' id='word_1_139' title='bbox 201 1813 399 1867; x_wconf 87' lang='lat' dir='ltr'><strong>eliminatutum</strong></span> <span class='ocrx_word' id='word_1_140' title='bbox 415 1813 489 1866; x_wconf 75' lang='lat' dir='ltr'><strong>fuisse</strong></span> <span class='ocrx_word' id='word_1_141' title='bbox 507 1813 648 1884; x_wconf 83' lang='lat' dir='ltr'><strong>intelliges.</strong></span> <span class='ocrx_word' id='word_1_142' title='bbox 673 1817 751 1868; x_wconf 89' lang='lat' dir='ltr'><strong>Nunc</strong></span> <span class='ocrx_word' id='word_1_143' title='bbox 766 1819 840 1885; x_wconf 89' lang='lat' dir='ltr'><strong>quod</strong></span> 
     </span>
     <span class='ocr_line' id='line_1_22' title="bbox 117 1883 837 1958; baseline 0.004 -19"><span class='ocrx_word' id='word_1_144' title='bbox 117 1892 152 1944; x_wconf 83' lang='lat' dir='ltr'><strong>ad</strong></span> <span class='ocrx_word' id='word_1_145' title='bbox 172 1889 244 1939; x_wconf 78' lang='lat' dir='ltr'><strong>verda</strong></span> <span class='ocrx_word' id='word_1_146' title='bbox 266 1889 427 1956; x_wconf 66' lang='lat' dir='ltr'><strong>piratisque,</strong></span> <span class='ocrx_word' id='word_1_147' title='bbox 446 1903 540 1956; x_wconf 79' lang='lat' dir='ltr'><strong>praeter</strong></span> <span class='ocrx_word' id='word_1_148' title='bbox 567 1883 673 1941; x_wconf 75' lang='lat' dir='ltr'><strong>versum</strong></span> <span class='ocrx_word' id='word_1_149' title='bbox 696 1905 837 1958; x_wconf 84' lang='lat' dir='ltr'><strong>quartum,</strong></span> 
     </span>
     <span class='ocr_line' id='line_1_23' title="bbox 117 1961 838 2031; baseline 0.003 -17"><span class='ocrx_word' id='word_1_150' title='bbox 117 1961 229 2016; x_wconf 88' lang='lat' dir='ltr'><strong>humilia</strong></span> <span class='ocrx_word' id='word_1_151' title='bbox 249 1961 309 2013; x_wconf 91' lang='lat' dir='ltr'><strong>sunt</strong></span> <span class='ocrx_word' id='word_1_152' title='bbox 328 1961 428 2024; x_wconf 86' lang='lat' dir='ltr'><strong>omnia.</strong></span> <span class='ocrx_word' id='word_1_153' title='bbox 448 1962 524 2014; x_wconf 85' lang='lat' dir='ltr'><strong>Prior</strong></span> <span class='ocrx_word' id='word_1_154' title='bbox 541 1962 646 2030; x_wconf 93' lang='lat' dir='ltr'><strong>quidem</strong></span> <span class='ocrx_word' id='word_1_155' title='bbox 672 1979 732 2031; x_wconf 89' lang='lat' dir='ltr'><strong>pars</strong></span> <span class='ocrx_word' id='word_1_156' title='bbox 753 1963 838 2016; x_wconf 88' lang='lat' dir='ltr'><strong>Meli-</strong></span> 
     </span>
     <span class='ocr_line' id='line_1_24' title="bbox 117 2035 838 2105; baseline 0 -15"><span class='ocrx_word' id='word_1_157' title='bbox 117 2037 183 2090; x_wconf 86' lang='lat' dir='ltr'><strong>boeo</strong></span> <span class='ocrx_word' id='word_1_158' title='bbox 201 2035 329 2104; x_wconf 90' lang='lat' dir='ltr'><strong>proptia,</strong></span> <span class='ocrx_word' id='word_1_159' title='bbox 348 2035 454 2105; x_wconf 79' lang='lat' dir='ltr'><strong>assurgit</strong></span> <span class='ocrx_word' id='word_1_160' title='bbox 468 2037 560 2088; x_wconf 84' lang='lat' dir='ltr'><strong>solutae</strong></span> <span class='ocrx_word' id='word_1_161' title='bbox 578 2037 695 2088; x_wconf 87' lang='lat' dir='ltr'><strong>orationi</strong></span> <span class='ocrx_word' id='word_1_162' title='bbox 711 2037 838 2091; x_wconf 87' lang='lat' dir='ltr'><strong>nonnihil</strong></span> 
     </span>
     <span class='ocr_line' id='line_1_25' title="bbox 118 2109 868 2177; baseline 0.001 -15"><span class='ocrx_word' id='word_1_163' title='bbox 118 2109 277 2172; x_wconf 86' lang='lat' dir='ltr'><strong>dissimilis,</strong></span> <span class='ocrx_word' id='word_1_164' title='bbox 295 2109 339 2160; x_wconf 90' lang='lat' dir='ltr'><strong>sed</strong></span> <span class='ocrx_word' id='word_1_165' title='bbox 360 2111 438 2176; x_wconf 89' lang='lat' dir='ltr'><strong>poesi</strong></span> <span class='ocrx_word' id='word_1_166' title='bbox 459 2125 585 2177; x_wconf 88' lang='lat' dir='ltr'><strong>perquam</strong></span> <span class='ocrx_word' id='word_1_167' title='bbox 607 2111 705 2169; x_wconf 80' lang='lat' dir='ltr'><strong>tenui3</strong></span> <span class='ocrx_word' id='word_1_168' title='bbox 726 2111 836 2163; x_wconf 89' lang='lat' dir='ltr'><strong>namin</strong></span> <span class='ocrx_word' id='word_1_169' title='bbox 866 2135 868 2138; x_wconf 95' lang='lat'>·</span> 
     </span>
     <span class='ocr_line' id='line_1_26' title="bbox 117 2181 835 2252; baseline -0.003 -18"><span class='ocrx_word' id='word_1_170' title='bbox 117 2182 207 2252; x_wconf 86' lang='lat' dir='ltr'><strong>primo</strong></span> <span class='ocrx_word' id='word_1_171' title='bbox 227 2181 306 2234; x_wconf 87' lang='lat' dir='ltr'><strong>versu</strong></span> <span class='ocrx_word' id='word_1_172' title='bbox 326 2182 412 2232; x_wconf 87' lang='lat' dir='ltr'><strong>solum</strong></span> <span class='ocrx_word' id='word_1_173' title='bbox 432 2181 580 2246; x_wconf 85' lang='lat' dir='ltr'><strong>epithetum</strong></span> <span class='ocrx_word' id='word_1_174' title='bbox 599 2185 686 2248; x_wconf 74' lang='lat' dir='ltr'><strong>patula</strong></span> <span class='ocrx_word' id='word_1_175' title='bbox 704 2185 735 2232; x_wconf 87' lang='lat' dir='ltr'><strong>ad</strong></span> <span class='ocrx_word' id='word_1_176' title='bbox 753 2183 835 2249; x_wconf 66' lang='lat' dir='ltr'><strong>fingunt</strong></span> 
     </span>
     <span class='ocr_line' id='line_1_27' title="bbox 118 2253 835 2322; baseline -0.004 -14"><span class='ocrx_word' id='word_1_177' title='bbox 118 2256 242 2314; x_wconf 87' lang='lat' dir='ltr'><strong>additur·,</strong></span> <span class='ocrx_word' id='word_1_178' title='bbox 259 2253 353 2305; x_wconf 89' lang='lat' dir='ltr'><strong>deinde</strong></span> <span class='ocrx_word' id='word_1_179' title='bbox 371 2255 468 2321; x_wconf 80' lang='lat' dir='ltr'><strong>tegmine</strong></span> <span class='ocrx_word' id='word_1_180' title='bbox 487 2269 536 2321; x_wconf 91' lang='lat' dir='ltr'><strong>pro</strong></span> <span class='ocrx_word' id='word_1_181' title='bbox 560 2256 637 2301; x_wconf 75' lang='lat' dir='ltr'><strong>umbra</strong></span> <span class='ocrx_word' id='word_1_182' title='bbox 664 2254 752 2306; x_wconf 81' lang='lat' dir='ltr'><strong>minus</strong></span> <span class='ocrx_word' id='word_1_183' title='bbox 770 2271 835 2322; x_wconf 92' lang='lat' dir='ltr'><strong>pro-</strong></span> 
     </span>
     <span class='ocr_line' id='line_1_28' title="bbox 117 2322 835 2396; baseline 0 -18"><span class='ocrx_word' id='word_1_184' title='bbox 117 2327 176 2396; x_wconf 75' lang='lat' dir='ltr'><strong>pria</strong></span> <span class='ocrx_word' id='word_1_185' title='bbox 195 2326 391 2396; x_wconf 83' lang='lat' dir='ltr'><strong>significatione</strong></span> <span class='ocrx_word' id='word_1_186' title='bbox 404 2322 541 2378; x_wconf 86' lang='lat' dir='ltr'><strong>adhibetur</strong></span> <span class='ocrx_word' id='word_1_187' title='bbox 557 2344 563 2376; x_wconf 93' lang='lat'>:</span> <span class='ocrx_word' id='word_1_188' title='bbox 580 2326 665 2378; x_wconf 84' lang='lat' dir='ltr'><strong>soluta</strong></span> <span class='ocrx_word' id='word_1_189' title='bbox 680 2328 751 2378; x_wconf 89' lang='lat' dir='ltr'><strong>enim</strong></span> <span class='ocrx_word' id='word_1_190' title='bbox 773 2344 835 2378; x_wconf 85' lang='lat' dir='ltr'><strong>ora-</strong></span> 
     </span>
     <span class='ocr_line' id='line_1_29' title="bbox 117 2397 834 2466; baseline -0.001 -14"><span class='ocrx_word' id='word_1_191' title='bbox 117 2401 194 2453; x_wconf 86' lang='lat' dir='ltr'><strong>tione</strong></span> <span class='ocrx_word' id='word_1_192' title='bbox 212 2399 283 2452; x_wconf 56' lang='lat' dir='ltr'><strong>rest&amp;</strong></span> <span class='ocrx_word' id='word_1_193' title='bbox 308 2398 426 2464; x_wconf 78' lang='lat' dir='ltr'><strong>dixeris,</strong></span> <span class='ocrx_word' id='word_1_194' title='bbox 446 2417 470 2448; x_wconf 87' lang='lat' dir='ltr'><strong>tu</strong></span> <span class='ocrx_word' id='word_1_195' title='bbox 489 2397 532 2466; x_wconf 75' lang='lat' dir='ltr'><strong>sub</strong></span> <span class='ocrx_word' id='word_1_196' title='bbox 549 2397 603 2465; x_wconf 73' lang='lat' dir='ltr'><strong>fizgi</strong></span> <span class='ocrx_word' id='word_1_197' title='bbox 627 2402 706 2448; x_wconf 77' lang='lat' dir='ltr'><strong>umbra</strong></span> <span class='ocrx_word' id='word_1_198' title='bbox 729 2403 834 2452; x_wconf 78' lang='lat' dir='ltr'><strong>recttbas.</strong></span> 
     </span>
     <span class='ocr_line' id='line_1_30' title="bbox 118 2470 833 2541; baseline 0.001 -18"><span class='ocrx_word' id='word_1_199' title='bbox 118 2473 218 2526; x_wconf 87' lang='lat' dir='ltr'><strong>Versus</strong></span> <span class='ocrx_word' id='word_1_200' title='bbox 236 2489 252 2524; x_wconf 89' lang='lat'>2</span> <span class='ocrx_word' id='word_1_201' title='bbox 270 2472 360 2540; x_wconf 87' lang='lat' dir='ltr'><strong>phrasi</strong></span> <span class='ocrx_word' id='word_1_202' title='bbox 376 2473 482 2541; x_wconf 89' lang='lat' dir='ltr'><strong>quidem</strong></span> <span class='ocrx_word' id='word_1_203' title='bbox 499 2470 604 2538; x_wconf 73' lang='lat' dir='ltr'><strong>poetici</strong></span> <span class='ocrx_word' id='word_1_204' title='bbox 626 2470 678 2533; x_wconf 86' lang='lat' dir='ltr'><strong>est,</strong></span> <span class='ocrx_word' id='word_1_205' title='bbox 699 2471 833 2540; x_wconf 86' lang='lat' dir='ltr'><strong>significa-</strong></span> 
     </span>
     <span class='ocr_line' id='line_1_31' title="bbox 116 2546 833 2614; baseline 0 -16"><span class='ocrx_word' id='word_1_206' title='bbox 116 2546 193 2599; x_wconf 90' lang='lat' dir='ltr'><strong>tione</strong></span> <span class='ocrx_word' id='word_1_207' title='bbox 210 2562 299 2598; x_wconf 86' lang='lat' dir='ltr'><strong>tamen</strong></span> <span class='ocrx_word' id='word_1_208' title='bbox 318 2563 377 2598; x_wconf 86' lang='lat' dir='ltr'><strong>vox</strong></span> <span class='ocrx_word' id='word_1_209' title='bbox 395 2565 469 2596; x_wconf 74' lang='lat' dir='ltr'><strong>arena</strong></span> <span class='ocrx_word' id='word_1_210' title='bbox 490 2561 548 2596; x_wconf 79' lang='lat' dir='ltr'><strong>eam</strong></span> <span class='ocrx_word' id='word_1_211' title='bbox 571 2559 677 2596; x_wconf 87' lang='lat' dir='ltr'><strong>tenuem</strong></span> <span class='ocrx_word' id='word_1_212' title='bbox 696 2546 833 2614; x_wconf 87' lang='lat' dir='ltr'><strong>relinquit.</strong></span> 
     </span>
     <span class='ocr_line' id='line_1_32' title="bbox 116 2617 832 2688; baseline 0.001 -16"><span class='ocrx_word' id='word_1_213' title='bbox 116 2619 157 2672; x_wconf 86' lang='lat' dir='ltr'><strong>Ita</strong></span> <span class='ocrx_word' id='word_1_214' title='bbox 173 2621 200 2672; x_wconf 90' lang='lat'>&amp;</span> <span class='ocrx_word' id='word_1_215' title='bbox 218 2619 310 2670; x_wconf 88' lang='lat' dir='ltr'><strong>versus</strong></span> <span class='ocrx_word' id='word_1_216' title='bbox 331 2631 343 2682; x_wconf 83' lang='lat'><em>3</em></span> <span class='ocrx_word' id='word_1_217' title='bbox 363 2636 410 2686; x_wconf 93' lang='lat' dir='ltr'><strong>per</strong></span> <span class='ocrx_word' id='word_1_218' title='bbox 426 2617 559 2688; x_wconf 60' lang='lat' dir='ltr'><strong>dadiylurn</strong></span> <span class='ocrx_word' id='word_1_219' title='bbox 579 2617 608 2668; x_wconf 90' lang='lat' dir='ltr'><strong>in</strong></span> <span class='ocrx_word' id='word_1_220' title='bbox 621 2621 832 2684; x_wconf 88' lang='lat' dir='ltr'><strong>antepenultimo</strong></span> 
     </span>
     <span class='ocr_line' id='line_1_33' title="bbox 116 2690 832 2761; baseline 0 -16"><span class='ocrx_word' id='word_1_221' title='bbox 116 2695 184 2761; x_wconf 89' lang='lat' dir='ltr'><strong>pede</strong></span> <span class='ocrx_word' id='word_1_222' title='bbox 202 2690 308 2742; x_wconf 83' lang='lat' dir='ltr'><strong>finitum</strong></span> <span class='ocrx_word' id='word_1_223' title='bbox 324 2705 482 2744; x_wconf 88' lang='lat' dir='ltr'><strong>attenuatur.</strong></span> <span class='ocrx_word' id='word_1_224' title='bbox 501 2690 601 2744; x_wconf 89' lang='lat' dir='ltr'><strong>Versus</strong></span> <span class='ocrx_word' id='word_1_225' title='bbox 618 2705 637 2753; x_wconf 89' lang='lat'>4</span> <span class='ocrx_word' id='word_1_226' title='bbox 654 2691 721 2744; x_wconf 89' lang='lat' dir='ltr'><strong>nihil</strong></span> <span class='ocrx_word' id='word_1_227' title='bbox 739 2694 771 2744; x_wconf 87' lang='lat' dir='ltr'><strong>ab</strong></span> <span class='ocrx_word' id='word_1_228' title='bbox 788 2693 832 2745; x_wconf 89' lang='lat' dir='ltr'><strong>he-</strong></span> 
     </span>
     <span class='ocr_line' id='line_1_34' title="bbox 115 2764 831 2836; baseline -0.001 -18"><span class='ocrx_word' id='word_1_229' title='bbox 115 2766 185 2818; x_wconf 89' lang='lat' dir='ltr'><strong>roici</strong></span> <span class='ocrx_word' id='word_1_230' title='bbox 201 2765 324 2817; x_wconf 88' lang='lat' dir='ltr'><strong>carminis</strong></span> <span class='ocrx_word' id='word_1_231' title='bbox 345 2765 471 2836; x_wconf 84' lang='lat' dir='ltr'><strong>dignitate</strong></span> <span class='ocrx_word' id='word_1_232' title='bbox 486 2767 600 2817; x_wconf 89' lang='lat' dir='ltr'><strong>alienum</strong></span> <span class='ocrx_word' id='word_1_233' title='bbox 619 2764 758 2827; x_wconf 88' lang='lat' dir='ltr'><strong>continet,</strong></span> <span class='ocrx_word' id='word_1_234' title='bbox 778 2765 831 2818; x_wconf 89' lang='lat' dir='ltr'><strong>nisi</strong></span> 
     </span>
     <span class='ocr_line' id='line_1_35' title="bbox 115 2835 831 2906; baseline -0.004 -15"><span class='ocrx_word' id='word_1_235' title='bbox 115 2838 188 2892; x_wconf 70' lang='lat' dir='ltr'><strong>sorte</strong></span> <span class='ocrx_word' id='word_1_236' title='bbox 197 2837 253 2890; x_wconf 87' lang='lat' dir='ltr'><strong>rem</strong></span> <span class='ocrx_word' id='word_1_237' title='bbox 265 2835 449 2906; x_wconf 82' lang='lat' dir='ltr'><strong>significatam.</strong></span> <span class='ocrx_word' id='word_1_238' title='bbox 468 2841 578 2902; x_wconf 91' lang='lat' dir='ltr'><strong>Cetera,</strong></span> <span class='ocrx_word' id='word_1_239' title='bbox 594 2851 652 2905; x_wconf 84' lang='lat' dir='ltr'><strong>quae</strong></span> <span class='ocrx_word' id='word_1_240' title='bbox 666 2837 776 2906; x_wconf 85' lang='lat' dir='ltr'><strong>Tityrus</strong></span> <span class='ocrx_word' id='word_1_241' title='bbox 788 2840 831 2896; x_wconf 66' lang='lat' dir='ltr'><strong>lo,-</strong></span> 
     </span>
     <span class='ocr_line' id='line_1_36' title="bbox 115 2907 832 2983; baseline 0.001 -19"><span class='ocrx_word' id='word_1_242' title='bbox 115 2911 226 2983; x_wconf 87' lang='lat' dir='ltr'><strong>quitur,</strong></span> <span class='ocrx_word' id='word_1_243' title='bbox 239 2911 320 2982; x_wconf 80' lang='lat' dir='ltr'><strong>prosi</strong></span> <span class='ocrx_word' id='word_1_244' title='bbox 335 2910 402 2964; x_wconf 89' lang='lat' dir='ltr'><strong>nihil</strong></span> <span class='ocrx_word' id='word_1_245' title='bbox 416 2911 538 2981; x_wconf 80' lang='lat' dir='ltr'><strong>grandius</strong></span> <span class='ocrx_word' id='word_1_246' title='bbox 557 2911 668 2970; x_wconf 84' lang='lat' dir='ltr'><strong>sonant,</strong></span> <span class='ocrx_word' id='word_1_247' title='bbox 687 2910 740 2964; x_wconf 90' lang='lat' dir='ltr'><strong>nisi</strong></span> <span class='ocrx_word' id='word_1_248' title='bbox 759 2907 832 2980; x_wconf 79' lang='lat' dir='ltr'><strong>qudd</strong></span> 
     </span>
    </p>
   </div>
   <div class='ocr_carea' id='block_1_3' title="bbox 0 0 1048 3652">
    <p class='ocr_par' dir='ltr' id='par_1_6' title="bbox 0 0 1048 3652">
     <span class='ocr_line' id='line_1_37' title="bbox 0 0 1048 3652; baseline 0 3"><span class='ocrx_word' id='word_1_249' title='bbox 0 0 1048 3652; x_wconf 95' lang='lat' dir='ltr'><strong> </strong></span> 
     </span>
    </p>
   </div>
  </div>
 </body>
</html>
