2072 3672
77 247 79 251 ·
186 215 451 302 Canum.
482 212 608 304 [ιθ.
638 213 733 298 IV.
786 170 861 300 abb

116 372 170 429 Sed
180 373 267 442 rapuit
277 373 347 428 levis
357 391 419 428 aura
429 393 522 430 aurum
533 394 542 436 ς
555 377 708 447 Pontusque
717 378 819 441 soiutus
916 359 922 368 ’

115 468 269 531 Ventorum
279 470 393 540 imperio
405 489 522 542 gemmas
532 473 651 528 confudit
660 491 760 539 arenae,

113 565 249 634 Spemque
257 565 338 629 'simul
348 606 356 632 ,
368 585 517 638 navemque
529 569 626 624 evertit
637 569 730 622 divitis
740 587 858 633 omnem.

112 661 167 714 Sed
175 661 261 728 desint
272 665 337 716 sorti
348 665 438 727 vires,
450 665 579 736 supraque
590 670 732 723 tumultum

111 760 236 821 Fortunae
245 761 365 827 incedas,
377 762 473 832 opibus
484 764 589 828 securus
601 765 688 820 avaris
698 783 708 826 a

109 857 159 912 Nil
169 874 278 924 noceat,
289 861 474 929 quodcumque
483 860 569 928 potest
579 880 585 912 ε
595 859 678 926 iurata
689 868 833 929 perennem

41 969 45 982 ⁴
73 935 74 938 Ἴ
111 955 223 1007 Addicat
231 957 280 1008 tibi
291 956 397 1008 flamma
407 955 487 1008 sidem
498 974 505 1014 3
516 956 634 1024 pacatior
644 973 708 1008 aura·

111 1050 232 1112 Serviat,
245 1053 370 1106 &faciles
382 1054 482 1106 Pontus
494 1053 628 1106 submittat
639 1054 752 1108 habenas
764 1071 773 1113 3

111 1145 241 1210 Veiificet
249 1147 307 1216 spes
319 1151 411 1218 resque
420 1148 469 1202 tibi
479 1189 488 1212 ,
499 1149 624 1217 votisque
635 1163 758 1220 regantur

111 1243 175 1296 Fata
186 1243 239 1297 tuis
250 1265 256 1298 ι
271 1261 359 1304 tamen
370 1247 439 1304 baud
449 1261 575 1314 umquam
584 1233 645 1299 saris
654 1243 706 1298 effe
715 1245 819 1314 putabis

21 1361 25 1368 ’
110 1341 194 1407 Quod
204 1343 265 1398 satis
277 1343 328 1408 est,
341 1346 490 1413 crescetque
502 1343 561 1399 sitis
571 1343 655 1414 magis
667 1343 722 1412 ipsa
733 1344 845 1400 bibenti.

109 1438 204 1504 Qualis
215 1439 261 1503 ubi
272 1439 381 1494 inflatos
389 1442 508 1510 hydrops
520 1441 643 1496 insederit
651 1457 741 1507 artus,

108 1534 195 1588 Triste
207 1539 319 1600 malum,
332 1537 512 1606 tumidamque
522 1539 600 1592 ferox
610 1539 737 1594 invaserit
746 1541 855 1600 alvumt

109 1631 199 1698 Serpit
209 1621 287 1684 avara
297 1634 372 1695 lues,
381 1647 460 1701 arque
471 1635 546 1688 unda.
552 1634 642 1688 sititur
652 1633 681 1687 in
690 1635 768 1696 fundis
779 1673 788 1699 ,

110 1725 167 1778 Nec
179 1742 250 1778 mare
260 1727 429 1796 Tyrrhenum
440 1726 551 1794 cupidos
561 1727 694 1783 satiaverit
705 1729 821 1784 haustus.

110 1821 227 1876 Plurima
236 1822 295 1876 cum
305 1836 393 1874 teneat
403 1859 411 1886 ,
422 1821 514 1874 desunt
525 1837 615 1881 tamen
626 1824 717 1880 omnia
728 1825 803 1878 votis

109 1919 260 1985 Tantaleis,
272 1919 414 1990 medioque
423 1921 511 1980 Midas
522 1920 558 1974 esd
569 1937 668 1991 pauper
679 1922 708 1977 in
717 1939 793 1978 auno.

110 2017 166 2084 Qui
176 2017 272 2082 loculis
283 2003 393 2082 fruitur,
405 2018 498 2078 vacuis
507 2020 553 2076 hic
561 2020 677 2088 pascitur
686 2022 787 2075 umbris
892 2081 894 2086 ,

108 2117 287 2170 Nummorum
296 2117 410 2170 afflidius
420 2156 428 2182 ,
439 2119 559 2187 fuscique
569 2121 695 2173 cadavere
707 2121 792 2186 pluri,

9 2223 12 2230 ·
109 2215 248 2273 Concolor
260 2228 369 2281 argento
379 2249 388 2276 ,
402 2214 428 2264 δι
439 2214 522 2266 simili
533 2218 702 2268 tumulandus
713 2216 743 2266 in
753 2232 829 2272 unua.
875 2237 877 2240 ·

108 2306 199 2359 Dandi
210 2305 285 2358 causa
296 2306 365 2358 deest
376 2325 384 2366 3
397 2308 442 2360 scd
454 2308 542 2360 causas
554 2308 627 2368 mille
639 2310 746 2378 petendi

108 2401 473 2472 Semperhabenquaestdsque
479 2403 546 2456 novi
553 2405 602 2456 sert
609 2405 720 2473 quaestus
726 2421 854 2468 amorenu

108 2479 318 2566 incumbensque
330 2499 378 2552 suu
389 2499 458 2567 perit
467 2499 607 2552 iilaetabilis
618 2517 699 2565 auru,

108 2595 207 2650 infelix
217 2594 322 2664 opibus.
335 2597 413 2649 Nulla
423 2595 497 2650 estin
508 2599 585 2650 rebus
595 2597 695 2668 egestas

108 2690 198 2756 Maior
209 2691 338 2752 Avaritia.
351 2694 454 2747 Desunt
463 2693 571 2764 possessa
583 2695 700 2760 tenenti,

108 2789 166 2846 Nec
176 2791 453 2858 quodlrabeturhabet.
461 2791 547 2857 Partis
555 2793 634 2845 simul
644 2807 726 2862 atque
733 2795 856 2861 parandis

109 2885 244 2967 Absiiuet:
256 2885 363 2964 inceptis
372 2888 497 2953 inhiant,
510 2891 537 2942 δι
547 2905 618 2944 tecta
628 2889 801 3018 {linquem-

680 2981 708 3030 VJ
