2040 3644
120 293 122 297 ’
230 317 521 398 Cnnorr
583 315 635 398 V.
727 346 805 424 ²²9

60 476 95 528 Er
105 474 235 528 subeunda
246 475 299 530 ruis
307 491 422 546 ptoeunt
434 477 466 529 ad
479 476 565 530 sidera
576 476 661 531 votis.

64 572 108 626 Sic
118 571 231 627 effundis
239 573 319 642 opes.
331 573 521 643 Contemptis,
533 561 653 642 optimus
661 573 755 638 heres,

62 670 119 740 Ipse
129 671 203 724 Deus
214 672 286 744 gazis
298 671 412 736 fruitur,
424 673 571 742 gaudetque
581 671 692 741 profuso

62 766 200 822 Posteriras
210 785 290 836 auro,
305 771 420 840 gaudent
433 770 534 824 virture
545 785 669 839 nepotes.

61 867 116 918 Nec
125 866 248 935 patienda
256 866 337 936 fugis.
344 867 412 932 Quae
421 867 479 919 sors
489 881 515 919 re
526 883 640 934 cumque
652 868 787 919 dolentem
849 905 854 916 ,

62 961 181 1025 Affinis,
193 979 338 1030 numquam
347 961 437 1030 potuit
447 963 568 1030 superare
578 963 718 1016 medelam.

61 1057 200 1109 Pharmrca
209 1058 366 1110 vulneribus
378 1056 462 1121 nosti,
472 1057 600 1126 parientia
610 1057 701 1111 multis
717 1091 720 1100 Δ

62 1152 162 1206 Sufficit
173 1169 227 1206 una
238 1153 325 1206 malin
341 1152 456 1218 Dejeuo
468 1169 581 1222 corpore
593 1154 695 1208 morbis

61 1251 139 1302 Mens
149 1249 235 1306 ereda
247 1248 298 1302 sibi
308 1249 423 1314 constat,
435 1249 575 1320 vincitque
585 1251 705 1308 fetendo.

59 1345 89 1400 si
101 1361 126 1400 re
138 1349 216 1400 Fama
225 1346 314 1418 nigris·
320 1347 432 1406 inimica,
438 1350 592 1402 adverberer
601 1349 667 1416 alis,

59 1445 139 1499 Pellis
148 1445 237 1498 nodis
246 1463 340 1509 avem,
350 1447 498 1515 vacuasque
507 1445 622 1499 remittis
637 1446 666 1498 in
678 1463 771 1508 nutrit

59 1543 91 1593 Er
102 1543 195 1594 surdos
205 1541 302 1610 repetit
313 1542 426 1594 verbosa
435 1543 565 1594 calumnia
576 1557 684 1597 ventos.
709 1567 712 1574 ·

59 1637 183 1705 Principe
192 1635 363 1708 magnanimo
375 1637 466 1688 minor
477 1637 513 1690 est
524 1637 620 1701 iniuria
632 1638 746 1706 quaevis.

59 1735 98 1785 Ut
106 1735 219 1804 vulgus,
230 1733 269 1786 sic
283 1732 330 1784 illa
339 1731 422 1784 subest
431 1751 438 1792 3
448 1749 505 1784 non
516 1735 597 1802 longa
607 1734 737 1786 ferentem

58 1831 211 1898 Tempora,
223 1846 281 1882 non
293 1827 376 1882 variis
389 1827 481 1881 laffanr
491 1827 663 1882 incommoda
674 1828 765 1883 noxis.
829 1820 831 1824 ⁵

57 1928 123 1996 Spes
136 1924 226 1978 firmat
234 1940 372 1978 nutantem
383 1925 502 1978 animuin
512 1965 521 1992 ‚
533 1925 684 2000 regiturque
694 1924 782 1981 futuri

57 2022 173 2076 Praesens
183 2023 254 2077 sorte
263 2024 445 2084 dolor3m'ens
455 2024 616 2079 immortalia
624 2025 733 2092 uoluit.

55 2119 89 2171 Er
101 2121 202 2189 premit
214 2121 292 2174 elaris
303 2121 396 2173 mundi
410 2121 523 2173 ludibria
533 2122 618 2174 votis.

94 2215 160 2266 Haec
169 2214 221 2267 ribi
231 2218 314 2277 (dum
322 2213 422 2264 teneris
433 2229 496 2266 aeras
506 2215 659 2281 pubesceret
668 2213 744 2268 annis

55 2311 70 2364 J
73 2326 115 2361 am
128 2310 235 2378 sceptro
245 2309 372 2378 propior,
383 2311 465 2362 fertur
474 2325 604 2379 precepta
613 2310 708 2364 dediffe

59 2406 150 2460 Caesar
161 2422 243 2470 avus,¹
253 2406 420 2476 memorique
430 2409 521 2459 animo
530 2406 616 2459 fixiss'e
626 2411 738 2463 tenenda
749 2427 759 2464 r

56 2501 347 2570 Carenepos‚sensim
357 2502 689 2573 fragilidecedimusaevot
750 2527 754 2532 ·

56 2601 139 2655 Htud
149 2600 243 2669 procul
255 2615 270 2651 a
282 2612 353 2651 metu
361 2592 466 2652 stemus}
477 2601 534 2652 Noe
546 2601 644 2653 arbiter
653 2614 726 2655 urnae

56 2701 211 2762 Admovet,
222 2696 415 2766 imperiumque
428 2695 501 2763 iubet
511 2709 615 2751 mutare
622 2699 741 2767 sepulcro
754 2717 763 2762 ;

56 2797 120 2849 Huc
132 2795 346 2859 refutaverant,
357 2811 412 2866 quo
421 2813 487 2861 nos,
499 2798 622 2850 decedere
633 2795 715 2862 jussi,

57 2891 192 2965 Cogimur
202 2892 241 2947 ire
249 2893 323 2946 loco.
333 2893 435 2948 Poterit
445 2896 502 2948 sors
510 2895 684 3019 faueteKtanta
694 2931 702 2958 ,

641 2982 659 3031 ¹1
