2076 3652
188 318 212 382 4
373 291 709 388 Hnnoch

187 411 327 478 eminent,
345 431 403 481 quae
419 415 532 464 morales
551 411 692 471 dicuntur,
712 425 790 480 atque
805 427 840 462 ex
857 409 898 464 his

186 486 325 540 fortitudo.
342 486 447 538 Deinde
463 501 519 536 non
532 483 618 551 potest
631 483 736 536 illustris
750 483 801 536 effe
814 483 898 547 aelio,

186 561 209 612 si
234 561 279 611 vel
307 559 514 624 interrumpatur
538 556 702 624 gravioribus
730 557 831 620 vitiis,
854 559 900 608 vel

185 631 267 684 etiam
292 631 394 683 infelici
425 630 501 680 exitu
525 644 585 679 cunt
609 629 706 680 scelere
731 629 899 681 terminetur.

185 704 275 756 Omne
286 704 358 754 enim
368 705 468 754 bonum
478 739 486 764 ,
498 715 529 752 ut
540 700 614 750 aiunt
627 701 796 768 philosophi,
807 717 842 752 ex
856 701 899 752 in·

183 792 255 843 tegra
271 776 367 833 causer,
386 790 472 842 neque
489 771 627 824 heroicum
643 771 694 824 else
711 772 810 840 potest,
826 774 899 841 quod

182 851 228 898 vel
250 843 364 900 aduersae
389 847 501 898 fortune
529 883 536 908 ,
563 847 608 896 vel
641 845 731 913 pravis
762 843 897 898 affediibus

182 920 329 972 succubuit.
348 919 473 987 Denique
491 917 547 984 ipsa
566 919 642 968 debet
664 917 714 970 elie
734 918 846 986 persona
864 919 909 970 i1·.

182 992 283 1057 lustris,
297 1007 341 1045 aut
351 991 421 1044 cert'e
436 1009 483 1059 per
497 993 564 1042 hanc
574 990 706 1044 astionem
718 1009 733 1043 e
744 993 828 1059 vulgo
838 991 898 1042 exi-

127 1109 130 1115 .
181 1065 235 1128 mi,
248 1065 312 1118 aliis
325 1065 438 1117 adiionis
450 1062 571 1134 dignitati
581 1063 650 1114 haud
661 1081 753 1132 parum
765 1064 907 1118 obfutura..

150 1145 153 1150 '
220 1140 301 1204 Quod
318 1136 385 1191 vero
401 1135 629 1198 controvertitur,
647 1153 681 1188 an
693 1155 757 1189 veta
775 1135 825 1188 ess‘e
843 1138 900 1188 haec

183 1213 295 1278 persona
312 1225 391 1277 atque
409 1209 479 1260 aelio
495 1209 586 1260 debeat
607 1211 618 1261 i
634 1211 753 1262 Dubium
770 1226 827 1260 non
844 1210 898 1273 est,

183 1283 248 1350 quin
270 1281 372 1350 praestet
390 1299 483 1334 veram
503 1279 554 1330 effe
575 1277 649 1342 iuxta
667 1282 854 1346 Aristotelem,
875 1283 899 1334 si

182 1355 212 1405 in
232 1353 360 1422 tragoedia
381 1350 521 1404 dramatis&
546 1353 729 1417 proponatu'rt
748 1355 899 1422 quanquam

182 1426 263 1478 etiam
278 1427 365 1478 laudet
378 1425 520 1494 aliquando
531 1421 619 1474 fidiam
632 1427 642 1492 (
650 1427 681 1480 de
694 1442 722 1476 re
732 1425 807 1478 Poet.
824 1443 846 1478 c.
858 1428 899 1494 7.)

183 1497 330 1567 Agathonis
347 1497 389 1549 cui
406 1514 506 1549 nomen
521 1491 618 1560 ἕνθὼι,
633 1495 705 1564 quod
720 1498 846 1550 videlicet
861 1501 899 1552 si·

183 1571 307 1622 militudo
333 1572 450 1638 quaedam
470 1569 560 1635 effer,
589 1585 668 1638 atque
693 1571 783 1640 imago
809 1589 897 1638 rerum

183 1660 315 1694 verarum.
345 1643 447 1694 Verum
467 1643 495 1693 in
513 1644 625 1696 heroico
644 1659 768 1710 poemate
788 1683 795 1706 ,
827 1648 899 1713 quod

167 1715 343 1783 'Epopoeiam
357 1715 487 1778 dicimus,
505 1718 557 1770 hoc
573 1714 651 1785 plan‘e
666 1715 838 1769 necessarium
854 1720 898 1770 du·

184 1805 271 1851 xero,
294 1805 324 1840 ut
343 1789 433 1840 saltem
454 1785 532 1842 lietos
555 1789 651 1842 celebri
671 1787 770 1840 virture
787 1790 897 1856 polletis

185 1862 332 1914 innotuerit
343 1900 350 1924 ,
361 1878 394 1912 ne
406 1860 520 1926 anion,
531 1880 588 1932 qnae
601 1862 762 1929 proponitur
773 1877 897 1930 tanquam

184 1934 294 2000 poesios
311 1948 508 2001 argumentum,
521 1937 531 2002 (
543 1935 647 1986 etiarnsi
664 1929 719 1985 haec
736 1937 824 2003 quoad
840 1952 896 1988 rem

185 2004 300 2058 eonfiiia
311 2004 390 2072 effer)
401 2006 602 2060 credibili'tatem
618 2009 735 2075 deroget.
750 2010 813 2060 Haec
825 2008 897 2060 enim

187 2080 213 2130 ἃ.
231 2080 262 2128 ad
279 2077 376 2144 poesin
392 2079 458 2128 hanc
474 2078 587 2143 sufficit,
610 2081 636 2132 &
651 2081 793 2132 minimum
807 2082 896 2148 requi-

186 2152 273 2209 ritur,
294 2167 376 2217 quum
389 2149 460 2201 laun
475 2151 640 2204 incredibilia
652 2155 684 2204 ad
700 2170 835 2216 amorem,
855 2157 896 2206 de·

186 2221 363 2290 sideriumque
381 2222 450 2290 paris
471 2224 579 2278 virtutis
601 2225 737 2294 impellere
755 2241 895 2294 nequeant.

188 2296 341 2349 Cavendum
366 2295 476 2364 itaque,
501 2315 534 2350 ne
556 2298 620 2368 quid
643 2300 711 2352 fama
731 2300 829 2368 vulgi,
851 2315 896 2352 aut

185 2367 372 2432 historicorum
386 2367 451 2420 fides
468 2371 645 2424 adversarium
664 2377 733 2434 tuae,
754 2388 832 2440 quam
846 2371 896 2423 lia-

124 2451 127 2455 '
186 2439 254 2503 tuis,
266 2440 394 2504 heroicae,
407 2443 434 2494 in
444 2459 513 2495 certa
524 2444 650 2511 persona,
660 2443 758 2498 adiioni
770 2445 895 2499 tribuant.

187 2514 255 2578 Qnae
274 2513 403 2566 causaest
420 2533 465 2567 cut
483 2517 569 2571 Heros
586 2517 649 2581 ille,
669 2519 714 2568 vel
732 2517 824 2568 nostrae
844 2517 896 2570 else

187 2587 271 2638 aetatis
289 2602 418 2654 nequeat,
434 2603 463 2638 ut
477 2589 551 2653 cujus
569 2589 713 2642 fortissima
729 2605 838 2657 quaeque
856 2592 894 2642 fa-

168 2659 279 2710 ·cinora
302 2661 382 2711 latere
405 2675 460 2711 non
482 2661 606 2726 possint,
628 2663 672 2711 vel
696 2662 820 2712 obsoletae
843 2661 894 2712 else

188 2732 324 2782 memoria
344 2749 400 2783 non
425 2733 535 2794 debeat,
556 2747 586 2782 ut
608 2732 631 2784 si
655 2731 764 2782 Romuli
784 2732 894 2800 alicujus

186 2803 370 2855 fortitudinem
387 2804 590 2870 felicitatemque
606 2805 718 2856 extollas
735 2841 742 2866 ,
762 2803 835 2872 quod
853 2806 893 2856 se·

185 2887 222 2928 rae
234 2875 321 2936 aetatis
336 2875 447 2946 scriptor
464 2876 513 2930 vix
528 2875 668 2946 quicquam
685 2878 716 2936 de
732 2875 779 2936 illo
791 2895 901 2940 novum,
