2072 3672
141 289 592 392 {tumultun
619 287 713 375 IV.
762 295 845 374 265
924 367 926 371 Α

92 450 229 505 Abstrahit
243 444 304 506 inde
315 453 410 506 Pudor.
421 453 498 505 Mors
509 453 551 506 his
563 451 668 505 admissa
678 451 797 506 fenestris

94 547 187 602 Prima
198 549 280 615 subit,
290 551 438 620 Poenasque
448 544 518 618 rapit
525 549 584 618 post
593 565 665 620 terga
676 550 828 618 sequentes.¹

43 625 56 646 ’
95 647 167 698 Sunt
175 648 248 700 oculi
257 647 306 700 tihi
315 649 383 700 celsa
393 647 710 716 Pharos‚cynosuraque
720 645 808 698 nautis

96 743 203 796 Praevia
214 763 222 804 ;
233 745 277 796 sed
287 744 367 798 fatuis
376 745 433 796 hac
443 744 511 812 sepe
522 761 569 812 per
577 744 639 796 avia
649 742 765 796 flammis

95 842 238 894 Abducunt
244 843 376 910 palantem
382 840 506 903 animam,
514 855 676 909 portumque
682 839 848 908 relinquunt·¹

96 938 167 988 Sunt
178 937 249 990 oculi
259 938 380 1006 scopuli,
393 924 467 1006 queis
478 953 553 988 tnens
563 936 634 990 allisa
644 936 777 1005 frequenti

97 1031 247 1100 Naufragio
257 1071 264 1095 ‚
276 1033 444 1102 praecepsque
454 1032 521 1084 salus
531 1031 644 1100 impacta
653 1031 790 1100 pependit.

98 1128 200 1179 Nonne
210 1131 385 1181 verecundam
395 1127 441 1198 qui
451 1127 613 1196 conspexere
623 1129 766 1182 Susannam

100 1221 257 1292 Decrepiti,
269 1224 371 1293 periere
382 1227 468 1279 oculis
478 1229 488 1280 l
500 1227 514 1280 J
517 1225 610 1279 esseius
622 1226 710 1280 Heroa

99 1320 214 1375 Viderat
224 1320 531 1392 Uriadent,flamntaque
544 1323 685 1392 Cupidinis
695 1320 771 1378 atriti
790 1351 796 1357 ·

99 1417 173 1470 Dina
184 1419 335 1489 peregrinas
346 1419 421 1472 videt
432 1419 580 1472 inconsulta
591 1421 693 1488 puellas
704 1438 713 1480 ·‚

99 1514 189 1584 Virgo
198 1515 263 1568 abiit
273 1553 281 1578 ‚
291 1516 421 1583 rediitque
430 1533 533 1584 parens.
545 1516 627 1581 Quod
636 1517 722 1569 forma
734 1516 748 1572 J
751 1514 849 1570 udithae

101 1608 210 1678 Assyrio
222 1610 336 1677 placuit,
349 1610 399 1661 suit
409 1611 461 1661 hoc
472 1611 576 1663 cervice
587 1613 721 1666 luendum.

103 1707 184 1757 Nulla
195 1718 237 1757 tot
248 1703 381 1773 implicuit
394 1703 501 1756 distorta
510 1721 613 1773 vorago
625 1706 743 1769 carinas,

101 1802 157 1854 Aut
169 1799 238 1854 texit
248 1815 291 1854 tot
302 1800 392 1870 Scylla
403 1813 470 1868 rates
480 1838 488 1864 ,
499 1812 566 1868 quot
576 1798 676 1852 lumine
685 1799 742 1850 laesi

101 1883 239 1952 mereim
249 1917 256 1952 ι
266 1897 358 1951 mutus
368 1898 470 1951 ramum
482 1895 576 1950 vidisse
586 1935 594 1961 ‚
603 1894 696 1965 perisse
705 1894 752 1950 en.

103 1995 177 2062 Quid
185 1995 304 2066 reliquos
316 1993 401 2048 aditus
411 2011 557 2048 mentorem
568 1995 579 2047 ἒ
589 1993 649 2046 sunt
660 1991 734 2046 tuille
745 1990 851 2048 viarum

102 2092 258 2158 Anfradus,
268 2091 319 2163 qud
329 2091 475 2162 negledarn
486 2091 557 2144 subit
567 2090 649 2143 hostis
659 2089 689 2142 in
698 2105 795 2143 arcem.

106 2189 139 2240 Et
149 2189 241 2240 nocuit
250 2191 357 2255 palpare
368 2203 462 2249 manu,
472 2187 611 2252 dulcesque
622 2185 697 2236 sitite

103 2283 242 2334 illecebras
254 2279 349 2335 Bacchi
359 2298 367 2339 ·,
380 2279 469 2348 liquor
478 2278 522 2330 hic
533 2279 654 2330 incendia
666 2278 766 2346 pascit,

104 2377 137 2428 Et
147 2374 263 2427 flammis
273 2375 363 2428 oleum
374 2373 419 2427 est.
431 2375 567 2440 Quantum
577 2388 669 2426 natura
678 2373 806 2442 requirit,

104 2471 189 2540 Porge
198 2471 290 2522 lubens
298 2487 306 2529 ;
313 2483 487 2538 quaecumque
494 2467 581 2532 addis,
591 2467 710 2522 fomenta
720 2471 851 2522 malorum

106 2565 162 2618 Esse
173 2577 238 2634 puta
250 2603 258 2628 ‚
274 2561 351 2618 molli
362 2562 600 2632 preberalimenta
611 2564 705 2618 sutori.

105 2664 180 2731 Saepe
189 2661 270 2716 etiam
281 2677 340 2714 vox
349 2662 443 2716 blanda
454 2675 534 2714 nocet
544 2700 553 2725 ,
563 2660 685 2715 submissa
700 2678 748 2730 per
758 2677 851 2729 autes,

106 2760 214 2827 lmpuro
226 2773 284 2827 quat
293 2758 355 2812 felle
366 2759 468 2822 madet,
479 2757 603 2826 dulcique
613 2775 730 2812 veneno.

109 2857 193 2907 Aurea
204 2854 361 2920 portaturis
372 2872 381 2914 3
392 2854 437 2906 sed
447 2854 514 2922 saepe
525 2854 749 2922 patentioraquo
763 2853 815 2919 est,

110 2949 144 3004 ui
153 2947 236 3004 stabili
247 2947 337 3004 firmes
348 2947 454 3014 animo,
466 2947 587 3018 justoque
598 2948 694 3004 timore
