2086 3652
339 253 630 330 Possis
797 277 848 354 ῃ

166 373 259 444 Maior
280 373 381 432 insania
406 378 443 431 est
469 380 528 432 haec
550 377 627 449 loqui
646 375 726 448 quim
747 393 848 450 ageret

130 467 193 504 nam
203 449 285 520 primi
298 467 317 515 4
333 451 424 504 versus
439 451 534 522 frigide
551 452 748 516 intumescunt,
763 453 850 507 ceteri

130 523 225 592 inepto
249 537 294 577 attt
313 524 390 589 lusu,
410 539 454 577 aut
471 524 619 591 abjetiione
638 524 779 578 vilescunt.
794 526 850 578 Ru·

131 597 250 650 diorihus
277 610 365 650 tamen
391 597 496 651 fortaffe
520 599 563 651 hic
590 599 735 652 verborum
754 611 847 666 tropo·

116 673 242 739 'tumque
260 670 332 724 lusus
350 688 407 724 non
423 671 579 740 displicebit.
598 673 650 724 Sed
665 673 850 739 expendamus

131 743 227 796 obiter.
253 745 286 796 ln
311 759 323 796 1
346 745 424 797 versu
449 745 550 798 carinas
574 746 744 815 impregnari,
766 743 847 814 quitn

130 833 206 880 tara,
220 830 275 868 tam
290 815 387 870 insulsa
402 817 438 870 est
450 817 611 882 'transsatio,
625 835 640 870 a
655 834 793 886 ceparum
811 818 848 870 il·
880 827 883 838 ¹

130 887 203 942 lustri
218 890 251 942 ad
267 892 414 960 grandem
434 905 450 942 2
471 892 551 944 versu
574 891 722 958 epithetum
741 891 852 942 Traian-v

131 963 210 1013 corita
236 963 267 1014 ah
285 961 366 1014 Indiae
390 979 475 1032 regno
497 965 666 1015 Travancore
697 962 848 1032 grandius,

131 1034 211 1104 quim
228 1034 356 1088 celebrius
371 1033 429 1095 est3
444 1035 523 1087 versu
542 1049 573 1099 3,
588 1051 637 1086 nec
654 1032 784 1100 immersam
796 1050 849 1102 pto

45 1141 53 1158 .
132 1109 270 1172 immittere,
285 1124 334 1160 nec
348 1109 468 1176 Erynnias
483 1124 536 1177 pro
545 1107 618 1175 finiit
638 1105 703 1175 apt'e
717 1107 769 1159 hoc
784 1108 850 1160 loco

131 1181 270 1250 usurpatur
285 1199 294 1240 3
311 1181 383 1234 vers.
403 1196 447 1244 4,
466 1197 515 1233 nec
540 1182 696 1243 bacchantes,
718 1196 768 1232 nec
782 1181 847 1244 oeflro

132 1253 255 1322 apposit'e
276 1255 308 1306 ad
327 1267 471 1307 ventorum
493 1253 624 1324 Erinnyas
647 1253 850 1307 transferuntur.

132 1327 176 1380 Sic
189 1329 259 1381 vers.
280 1342 297 1391 7
308 1327 448 1393 ,insolens
463 1327 499 1380 est
507 1327 627 1396 phrasis,
638 1327 710 1380 vers.
722 1328 738 1379 8
748 1365 757 1390 ‚
767 1328 851 1396 longa

133 1400 237 1454 tannim
257 1399 315 1454 sine
339 1401 440 1454 virtute
461 1401 543 1454 verba
560 1419 570 1462 ς
588 1400 658 1454 vers.
679 1414 732 1463 10,
752 1414 852 1468 praeter

133 1473 305 1526 insolentiam
316 1472 493 1536 elocutionis,
505 1473 574 1541 fram
585 1477 677 1524 hamata
693 1471 852 1540 metaphoris

133 1545 239 1614 ingrati
255 1543 359 1598 dicitur.
377 1545 502 1598 Ceterism
516 1547 587 1598 lusus
603 1546 648 1598 ille
666 1561 766 1599 vocum
781 1561 849 1597 con·

134 1618 226 1670 sonus.
242 1615 342 1668 Versus
354 1631 364 1680 ς
384 1619 410 1669 &
421 1618 453 1680 6,
463 1634 555 1685 patum
569 1619 599 1669 in
610 1635 638 1670 te
653 1617 776 1684 ptaet'enti
790 1616 855 1684 pla·'

29 1745 33 1754 .
134 1704 217 1751 cent,
237 1705 322 1756 neque
335 1689 402 1754 ausus
420 1687 557 1742 noviteffe
567 1691 696 1743 feruntur.
712 1689 799 1742 Versu
814 1703 853 1752 9,

135 1775 216 1815 tenue
234 1760 347 1813 nimiitm
362 1761 399 1814 est
414 1765 482 1813 decus
492 1763 581 1814 ocellos
594 1763 726 1830 stringere,
738 1773 768 1812 ut
778 1760 852 1812 vers.

137 1849 190 1898 to,
209 1852 296 1886 tenere.
313 1835 353 1886 Ex
368 1835 463 1904 quibus
482 1833 561 1888 facile·
573 1834 675 1904 liquet,
692 1847 788 1902 quanta
803 1831 852 1884 cir·
905 1879 908 1886 .

137 1906 336 1976 ευηιίρεᾶἱοηε
352 1925 381 1961 ac
400 1906 503 1962 dele&u
514 1941 530 1972 ‚,
540 1910 574 1964 ad
594 1920 736 1981 purgatum
751 1905 856 1970 absolu·

135 1995 247 2053 nmque
267 1997 394 2050 carmen,
412 1999 481 2052 opus
498 1981 545 2040 sit.

351 2326 664 2533 inst
