2040 3644
240 262 637 350 Ouuoan.
730 295 807 351 ruz
910 281 914 284 ’

57 418 145 482 Fama
155 421 217 476 viro
227 461 239 488 ,.
247 442 304 494 quae
316 427 370 480 tam
380 425 457 480 vitiis
468 425 557 480 afflata
567 426 713 498 nigrescit,
782 481 786 494 ,

6 509 9 542 ¹
59 507 155 584 Quium
164 520 236 594 ducit
246 521 425 576 niveossocia
434 523 566 591 probitate
578 526 696 578 colores-1

6 603 11 640 ¹
58 615 130 668 Haec
140 619 286 674 meminifl'e
296 620 388 688 juvet,
402 620 478 690 regni
489 621 650 699 quicumque
660 622 792 674 theatrum

6 699 9 734 ¹
57 714 211 784 Ingreditur
220 735 229 777 ;
238 718 334 788 dignos
345 732 491 788 componat
502 717 626 788 Principe
638 734 728 772 mores

6 795 8 826 ¹
58 811 150 864 Plebis
160 814 193 866 ad
201 813 337 867 arbitrium
347 833 355 875 ;
365 813 507 884 spetiantis
517 815 636 866 consulat
645 814 718 867 orbis

59 907 77 961 J
81 909 197 960 odicium
209 927 217 968 3
230 909 318 962 minis
329 911 435 962 errabit.
449 910 619 979 Quicumque
630 925 736 980 regetur
746 947 759 975 ‚.

60 1004 98 1055 Et
106 1006 237 1072 populum
246 1005 326 1058 simul
334 1006 390 1074 ipse
400 1005 658 1076 reget.Quicumque
667 1005 812 1070 timendus,

58 1099 239 1169 Ipse-timebit
250 1102 332 1154 adhuc
342 1104 431 1171 legum
443 1100 597 1154 observator
609 1102 636 1154 δε
644 1101 724 1171 requi.

60 1198 124 1249 Una
136 1197 211 1266 prior
221 1200 378 1252 moderanda
388 1198 436 1252 tibi
450 1198 487 1252 est
497 1199 640 1269 respublica
651 1197 748 1253 mentis
758 1237 772 1264 ,

60 1295 97 1346 Er
108 1294 200 1350 famuli
210 1296 312 1361 sensus,
324 1298 351 1349 δι
361 1299 503 1366 depravata
513 1297 610 1368 cupido
619 1333 633 1362 p

61 1393 106 1444 Ira
117 1389 246 1462 flagrans,
256 1395 425 1463 praecepsque
436 1395 525 1458 furor,
536 1393 684 1464 vecorsque
694 1393 788 1450 libido.

61 1487 116 1540 His
127 1488 216 1541 minor
226 1489 346 1559 indignas
357 1490 477 1560 quisquis
489 1490 611 1544 concedit
621 1491 734 1545 habenas
745 1529 755 1557 .
781 1538 785 1551 ,

63 1583 156 1637 Servit
167 1584 196 1637 in
207 1581 321 1654 imperio
332 1625 339 1649 ,
352 1586 472 1656 regisque
483 1586 582 1638 amittit
593 1587 735 1642 honorem.

62 1679 136 1743 Tot,
148 1679 310 1750 quicumque
322 1683 405 1752 regit,
417 1681 547 1734 submittit
558 1683 626 1735 colla
634 1681 774 1752 tyrannis,

62 1779 142 1844 Quot
153 1793 228 1846 paret
237 1778 324 1833 vitiis.
336 1778 404 1830 Aliis
414 1777 579 1848 prescribere
590 1779 678 1846 leges,

61 1877 97 1928 Et
106 1876 205 1928 calcare
216 1877 306 1929 datas:
318 1875 408 1944 poenis
419 1874 576 1946 adstringere
585 1873 675 1927 sontes
683 1901 708 1952 s*

62 1973 204 2042 Indulgere
215 1972 270 2026 sibi
278 2011 286 2048 ‚
295 1989 354 2026 non·
361 1971 446 2026 estres
458 1972 537 2044 digna
547 1971 663 2026 Coronis
673 2009 682 2036 ,

64 2070 118 2122 Sed
126 2071 237 2142 laqueis.
250 2074 337 2136 Cave,
349 2088 407 2140 quae
418 2070 517 2125 Redor
528 2069 694 2126 damnaveris
705 2087 769 2136 ore,

61 2165 183 2218 Suaseris
193 2165 324 2232 exemplis
335 2165 440 2216 :verbis
449 2166 508 2216 haec
519 2164 614 2216 fortius
625 2178 729 2232 urgent.

62 2260 112 2313 Nil
124 2257 173 2310 tibi
183 2257 302 2326 peccanti
313 2259 428 2308 clemens
440 2256 563 2325 ignosce,
575 2256 619 2310 sed
627 2257 689 2310 urbi

65 2353 169 2423 Saepids
183 2353 230 2411 3&
240 2351 312 2404 vires
322 2351 524 2420 nonexperiate
539 2355 661 2424 nocendo
671 2392 686 2420 ,.
763 2345 765 2350 ’

65 2451 125 2520 Qui
135 2449 259 2519 princeps
268 2448 312 2520 vis
323 2446 374 2500 effe
386 2447 440 2501 diu.
451 2449 635 2517 Quaecumque
644 2449 744 2504 dolebis
751 2482 765 2515 ,-
799 2481 801 2488 -

66 2547 178 2617 Mitiget
189 2545 318 2600 offensam
326 2543 453 2614 justasque
465 2543 589 2598 remissio
600 2561 693 2614 poenas
704 2565 714 2608 ς

67 2645 156 2713 Atque
166 2642 248 2696 eriam
258 2643 389 2710 parcendo
400 2642 464 2708 feri,
474 2641 627 2712 facinusque
635 2641 754 2712 puteris,

67 2742 133 2794 Non
141 2736 223 2792 odiffe
233 2737 366 2792 homines.
378 2737 474 2808 Populi
485 2737 537 2792 vix
546 2755 608 2793 cura
618 2740 748 2810 Tyranno
756 2738 793 2792 est
804 2755 813 2794 t

6 2921 7 2930 ἵ
65 2835 127 2912 Qui
136 2833 268 2906 sceptrum
278 2850 354 2900 ..non
364 2838 460 2906 vulgus
472 2849 543 2890 amat
551 2835 709 2973 ..qtlrgrieiqm
718 2834 815 2893 nnete
