2086 3652
212 333 262 425 76
405 331 740 399 HunorcA

211 452 366 506 orationem
381 453 515 504 extollunt
531 449 682 502 studiosius.
704 448 748 504 Sic
770 443 841 504 ille'
832 462 863 502 nn
881 455 935 502 beri

212 527 282 580 sium
290 523 414 580 Honorii
432 525 608 578 consulatum.

511 639 595 708 Qualis
606 639 700 706 piratica
709 639 804 705 puppis,

215 731 276 783 Dum
288 730 387 797 pretinm
399 729 428 782 de
440 741 506 780 more
515 739 596 793 putat,
608 726 747 792 viduataque
760 725 825 778 cusis

214 817 365 884 Remigibus,
376 816 450 868 scissis
460 815 565 867 veiorum
575 813 655 865 debilis
666 813 724 873 niis,

213 907 281 960 Orba
292 904 451 973 gubernaclis,
462 903 565 955 antennis
575 901 648 954 saucia
659 899 747 961 inustis,

216 993 348 1047 Ludibrium
360 992 434 1059 pelagi
445 1004 517 1045 uento
528 989 622 1055 iniimus
633 991 657 1040 δι
667 987 728 1040 undi
739 1024 747 1052 ‚

214 1081 312 1140 vanno
323 1069 416 1133 tandem
426 1093 508 1146 poenas
519 1077 602 1130 luitura
611 1075 737 1144 profundo.

256 1238 360 1305 Quibus
376 1235 520 1297 resolutis,
539 1233 661 1286 invenies
673 1233 703 1285 in
722 1247 754 1296 2,
771 1245 804 1299 3,
822 1247 859 1298 4,
882 1233 937 1300 5&

218 1313 237 1364 6
258 1311 337 1362 versu
352 1308 472 1360 transsata
493 1308 524 1358 ab
541 1305 664 1357 animatis
679 1307 712 1357 ud
726 1306 869 1358 inanimata
881 1308 937 1375 epi·

220 1386 306 1445 theta,
322 1395 351 1433 ut
371 1380 457 1432 oratio
474 1381 594 1430 elevetur
613 1395 622 1436 3
642 1378 686 1429 sed
705 1379 735 1430 de
755 1378 797 1429 his
816 1378 879 1431 alibi
895 1381 937 1431 di-

220 1457 292 1520 etum
312 1453 384 1506 satis.
405 1453 514 1504 Mallem
530 1452 584 1504 hoc
601 1452 663 1502 loco
684 1451 855 1502 Claudianum
872 1451 902 1502 in
920 1470 938 1506 2

220 1529 299 1580 versu
318 1545 359 1594 que
378 1525 538 1594 superfluum
556 1521 705 1584 rescidisse,
730 1540 759 1576 ac
781 1523 938 1578 transtulisse

223 1601 252 1652 in
271 1599 410 1661 medium,
434 1598 480 1649 ubi
501 1600 576 1666 plura
596 1595 717 1648 dissoluta
738 1614 747 1654 ;
766 1611 823 1647 tum
842 1597 938 1650 deinde

223 1686 285 1724 toro
310 1671 394 1739 magis
422 1669 552 1722 orationis
579 1669 670 1721 habitu
697 1667 825 1739 effungere
846 1689 853 1722 ι
874 1685 938 1722 nam

224 1749 252 1797 de
272 1763 335 1796 more
352 1759 441 1811 putat.
469 1745 491 1794 C*
509 1743 593 1794 debilis
612 1743 677 1805 alis,
701 1741 751 1794 &c-
774 1741 862 1810 phrasi
880 1759 939 1794 ma·

226 1833 290 1870 nent
307 1816 397 1870 exilia.
493 1853 498 1860 ·

172 1921 178 1932 ι
261 1891 319 1943 Jam
341 1891 366 1940 δι
387 1887 593 1955 compositionis
610 1885 655 1938 vti
673 1885 763 1954 paucis
781 1886 939 1942 insistamus.

225 1964 258 2014 Et
273 1977 302 2012 ut
318 1960 455 2012 breviores
468 1960 550 2010 simus
563 1998 570 2019 ‚
583 1959 655 2008 illam
666 1974 700 2008 ex
714 1959 728 2010 J
732 1961 844 2010 uvenale
859 1974 942 2013 trans·

224 2038 305 2088 tetam
321 2030 471 2084 orationem
493 2031 656 2098 usurpemus.
681 2029 819 2098 Elegiacus
838 2031 879 2084 sic
898 2035 942 2086 lo·

226 2119 375 2173 queretur:

224 2221 286 2289 Quis
297 2219 360 2272 furor
370 2218 403 2272 eii
412 2219 484 2286 plenis
496 2231 613 2271 oneratam
624 2233 702 2272 meree
711 2220 822 2274 tritemius

338 2308 413 2362 Inlido
423 2308 516 2359 nimibm
527 2306 623 2360 credere
632 2308 692 2362 veile
703 2310 780 2362 nturi?

225 2400 325 2468 Vinaque
335 2398 441 2465 morsque
452 2398 492 2448 tibi
505 2395 581 2448 tubuli
591 2395 728 2463 distinguitur
737 2399 800 2462 uni.

322 2489 434 2538 Etcum
446 2487 533 2552 sperato
545 2485 627 2538 fenore
638 2486 685 2537 vita
697 2501 734 2553 pe
728 2489 764 2540 it.

264 2628 330 2678 Haec
348 2624 372 2676 si
394 2642 454 2677 cum
473 2628 593 2695 Satyrieo
613 2625 694 2696 genio
717 2643 884 2694 compones,
906 2631 945 2684 fa·

227 2697 281 2750 eiie
294 2695 474 2749 diversitatem
491 2700 649 2750 observabis.
669 2698 736 2748 Cum
749 2700 865 2752 heroicis
880 2719 945 2789 pro:

228 2770 290 2842 pitis
309 2769 396 2836 quoad
414 2770 539 2836 loquendi
565 2769 696 2820 rationem
720 2773 901 2837 convenient,
922 2777 946 2828 si

230 2840 322 2912 presse
338 2842 388 2906 (ut
407 2845 563 2926 quandoque
582 2842 635 2908 fit)
654 2841 712 2892 sine
739 2843 947 2913 amplificatione

227 2916 382 2972 scribamus.
401 2915 441 2967 lta
458 2917 530 2968 enim
546 2915 621 2986 loqui
633 2914 740 2981 licebit,
