2086 3652
342 263 688 336 Ponsrsa·
795 273 843 364 '15

127 381 185 440 nati
203 383 372 456 adolescens,
390 400 450 440 ante
466 401 565 438 annum
581 380 665 437 atatis
681 380 846 456 vigesimum

84 474 90 486 ‘
128 459 289 542 Epopoeiam
304 458 428 528 scripsit,
443 459 557 527 puritate
575 475 605 509 ac
623 456 689 510 flore
706 457 767 534 slyli
785 462 844 513 Ro·

129 533 221 595 mani,
238 548 384 600 quanquam
396 530 590 594 exuberantis,
604 527 740 594 nobilem,
756 533 822 584 sed
815 551 847 584 ιιι

130 603 281 672 scriptionis
293 619 464 675 argumento,
477 606 550 674 quod
561 605 659 656 bellum
669 603 847 657 Pharsalicum

129 677 332 746 complediitut,
354 681 385 730 ab
407 677 478 730 illius
498 678 635 730 natura&
655 676 782 746 dignitate
799 679 845 729 ab·

128 765 268 804 errantem.
286 751 337 804 Cui
355 750 416 803 satis
434 750 485 804 esse
497 753 638 813 debuerat,
658 765 702 802 aut
718 750 844 819 Pompeii

128 837 174 876 aut
186 825 295 878 Caesatis
308 823 494 876 fortitudinem·
507 825 578 876 hello
590 824 721 876 celebrem
731 826 845 876 extolle·

128 912 174 958 re,
191 895 308 966 illudque
323 896 475 949 unionibus
492 893 675 963 Poesl'dignis
693 913 846 956 exornarea

129 971 201 1036 quod
216 970 335 1022 officium
351 969 440 1022 Poetis
453 967 545 1036 Epicis
561 968 724 1034 precipuum
740 968 844 1036 'ignoras

128 1040 203 1094 tione
223 1042 286 1094 artis
306 1041 458 1108 praeteriit,
479 1039 625 1093 indebitum
648 1039 766 1091 historici
784 1057 845 1092 mu*

128 1129 178 1165 nus
197 1112 346 1166 inconsulte
365 1127 549 1180 occupaturus.
568 1113 693 1176 Summa,
713 1129 793 1163 nemo
815 1111 846 1164 in

129 1185 271 1238 Veteribus
289 1185 433 1238 latinorum
451 1186 509 1252 post
524 1185 684 1247 Maronem,
708 1184 795 1236 Statio
814 1185 844 1236 in

129 1258 174 1310 sua
194 1257 327 1313 Thebaide
346 1259 483 1328 Epopoeiae
502 1256 659 1326 dignitatern
678 1257 789 1326 propiis
808 1257 846 1310 est

129 1329 256 1384 assecutus
276 1351 284 1392 ·‚
307 1349 387 1401 quern
413 1347 503 1384 tamen
523 1330 609 1398 ipsum
629 1347 644 1382 a
662 1331 744 1398 scopo
762 1330 844 1383 etiam

129 1404 267 1458 declinasse
285 1405 529 1460 animadvertimus.

167 1479 345 1530 Hernicorum
366 1477 426 1531 sane
447 1478 594 1530 facinorum
610 1475 721 1544 penuria
742 1475 771 1527 in
792 1476 844 1529 hos

129 1547 243 1602 minim'e
267 1567 369 1601 errores
390 1567 440 1601 nos
462 1549 584 1617 impellit.
610 1550 686 1600 Unus
708 1549 774 1600 olim
799 1564 849 1602 aut:

130 1620 240 1686 Scipio,
255 1637 299 1672 aut
314 1621 431 1683 Marius,
444 1637 488 1672 aut
499 1621 640 1687 Pompeius
650 1621 766 1688 plurium
776 1623 849 1690 Epo·-

130 1691 262 1758 poeiarurn
283 1709 366 1759 capax
385 1707 449 1743 crat.
472 1695 503 1742 Et
524 1708 553 1742 ut
572 1695 603 1743 de
626 1692 778 1744 Christianis
800 1697 845 1747 lo·-

132 1779 215 1831 quar,
235 1780 303 1814 unus
322 1766 432 1816 Carolus
450 1765 582 1832 Magnus,
599 1763 625 1814 δι
646 1764 735 1814 seculo
752 1767 844 1830 proxi·

131 1853 178 1890 mo
200 1838 310 1890 Carolus
328 1837 466 1904 Quintus,
489 1851 556 1905 quot
581 1836 717 1888 ediderunt
739 1837 850 1906 egregie

129 1909 260 1962 fanorum
275 1909 416 1980 singularia
434 1911 544 1973 decora,
561 1923 603 1961 tot
620 1908 718 1976 Epicos
735 1907 849 1978 fatigare

130 1983 272 2052 scriptores
291 1999 411 2051 potuere.
427 1983 553 2036 Sabadius
571 1999 618 2052 per
635 1981 798 2034 Austriacum
815 1983 849 2035 in

130 2055 307 2110 adolescentia
323 2073 384 2110 cunt
402 2058 502 2126 insigni
517 2055 632 2110 visiotia
646 2057 756 2108 Maurus
767 2095 778 2119 ,ι
794 2059 848 2110 do·

130 2129 195 2182 mita
214 2129 310 2182 iterum
331 2147 390 2184 curn
408 2131 455 2182 suo
470 2133 535 2182 duce
554 2129 688 2182 Fridetico
708 2129 844 2193 saxonia,

130 2203 309 2270 interceptum
327 2203 356 2254 in'
371 2203 459 2254 Africa
468 2205 620 2263 Tuncrum,
637 2203 748 2268 Resque
762 2203 845 2253 Mau-

129 2292 175 2327 rus
196 2275 225 2328 iu
248 2291 359 2344 regnum
382 2273 539 2336 restitutus,
563 2274 677 2341 denique
701 2273 846 2342 imperium

130 2346 237 2400 fortiori
256 2347 430 2415 depositum,
450 2346 528 2415 quam
549 2345 647 2414 gestum
670 2346 778 2408 animo,
798 2349 846 2398 vi·

130 2433 208 2486 taque
231 2421 264 2471 ad
286 2437 434 2472 extremum
461 2417 588 2487 religiose
612 2417 680 2484 pene
706 2418 734 2468 in
757 2435 845 2472 morte

130 2492 268 2560 triumpho
282 2493 420 2555 conclusa,
440 2507 537 2560 quanta
552 2505 643 2542 vatum
660 2489 689 2541 in
705 2507 761 2541 uno
776 2507 849 2542 cam--

130 2581 167 2630 po
186 2565 287 2634 seges
282 2569 287 2606 t
309 2565 444 2616 Nimirum
462 2566 514 2616 boc
535 2564 611 2616 debet
633 2563 684 2616 elie
707 2563 849 2630 Epopoeiae:

130 2637 353 2706 hadamarum,
376 2638 446 2690 asiio
468 2654 523 2690 non
544 2635 646 2705 magnis
666 2635 779 2688 historia
795 2654 844 2704 pe·

131 2701 214 2762 aiodis
238 2710 452 2779 circumscripta,
474 2726 503 2762 ut
526 2709 637 2779 fingenti
660 2709 769 2772 Poetae,
796 2727 849 2778 per

131 2798 200 2834 raras
224 2785 338 2852 quasque
360 2785 473 2836 sottunae
496 2799 693 2850 eventuumque
721 2781 848 2849 implica

131 2855 218 2908 tiones
232 2857 354 2928 incedere
371 2856 458 2912 liceat.
477 2857 544 2922 Quae
564 2857 664 2919 causa,
682 2870 727 2906 cur
745 2871 787 2906 res
808 2854 849 2906 sa·
