2086 3652
311 255 599 361 Pousln
766 315 812 386 ῃ

100 410 239 480 strepitum
254 409 362 464 obscut'o
381 412 407 464 δι
423 413 518 480 procul
534 411 713 466 insonantium
730 429 821 466 armo·

100 501 161 536 rum
179 487 190 537 ἓ
204 487 339 552 quomodo
353 485 469 553 ludificas
486 487 596 534 tumultus
613 487 744 554 appellat,
761 500 817 538 tant

101 557 180 610 vocis
197 573 290 624 parum
314 557 425 628 auguste
450 557 597 626 epitheto?
618 561 672 610 Cur
691 558 792 626 excipit
808 597 821 623 ,

101 647 233 697 quanquam
250 649 310 698 ager
320 632 387 697 [taio
403 633 417 681 Ρ
435 629 494 682 talis
513 632 585 682 enim
610 629 727 683 maxim'e
745 631 817 700 vigi-

101 704 139 754 lat
156 721 164 762 ·‚
183 719 230 756 cur
252 701 382 768 miseranda
398 705 520 772 potestas,
544 720 622 772 quam
647 703 766 772 plerique
787 717 818 755 ut

100 775 206 828 felicem
225 778 360 828 adorant?
377 793 423 828 cut
439 777 496 828 haec
518 781 567 843 agit
583 778 651 828 malis
668 778 815 846 invigilare,
833 771 837 778 ’

26 907 30 914 ,
101 865 160 917 qua
175 862 217 902 tot
230 849 350 902 excubiis
364 849 499 902 servatur.
493 851 504 888 ²
517 851 663 915 Quomodo
678 869 748 902 arens
765 849 819 900 clo·

101 939 154 971 mor
166 920 227 989 apte
241 922 338 976 dicitur
354 923 414 974 aeris
432 923 557 974 sonitus?
576 923 603 973 δι
622 923 759 990 quomodo
773 921 820 974 hic

101 995 193 1045 clamor
201 997 252 1060 arie
265 994 356 1064 potiris
369 1033 379 1060 ,
396 993 475 1064 quim
494 993 664 1063 perstringit?
680 995 821 1060 quomodo

102 1083 182 1118 omaro
192 1067 297 1120 esttibia
307 1070 407 1120 bellum
417 1071 488 1118 ultro
504 1065 637 1119 fedanti.
629 1069 639 1106 ²
658 1067 733 1133 quale
750 1063 821 1118 veri>

102 1125 254 1210 prodigium
269 1159 351 1191 vocum
365 1139 419 1204 est,
435 1156 493 1206 que
508 1157 611 1189 marcore
626 1136 819 1204 suntfirperbae?
903 1175 906 1184 ,

102 1212 182 1266 Forte
197 1213 241 1267 hic
255 1229 330 1266 error
344 1213 575 1282 typographorum
588 1212 641 1275 sit,
653 1227 757 1260 marcore
768 1226 821 1278 pro

101 1305 202 1338 rancore
219 1285 403 1356 ponentium
398 1321 405 1346 ‚
425 1287 496 1354 quod
514 1284 636 1352 quamvis
654 1283 713 1336 sine
715 1278 819 1347 laude,

102 1357 173 1410 soret
197 1374 286 1412 tamen
307 1359 480 1424 tolerabilius.
508 1359 548 1410 En
568 1372 636 1426 quot
662 1371 820 1426 quanteque

102 1429 134 1482 in
148 1447 235 1498 parvo
253 1433 368 1486 carmine
383 1434 453 1484 labes
465 1431 539 1502 sint,
553 1429 679 1484 adversus
694 1428 822 1484 ultimum

101 1503 238 1588 praecipue
254 1504 329 1572 Epici
344 1504 468 1556 carminis
487 1505 620 1556 decorem.

84 1611 86 1618 ·
141 1575 231 1644 Magis
248 1579 280 1628 ad
299 1593 354 1628 reru
367 1577 435 1646 vigil
446 1593 497 1643 pro
519 1577 572 1627 suis
590 1574 711 1628 excubiis
723 1571 825 1636 deseri·

102 1647 199 1702 luendis
216 1647 366 1717 Virgilius,
381 1649 427 1700 lib.
443 1650 477 1713 9⁹
496 1648 600 1702 AEneid.

103 1735 189 1790 Haecs
187 1752 243 1802 uper
252 1753 266 1790 e
276 1737 339 1789 vallo
351 1739 494 1804 prospectant
503 1739 580 1792 Troes
591 1777 599 1800 ,
612 1739 638 1789 δι
649 1739 717 1790 ιιιιῑι

103 1825 161 1880 Alta
172 1832 266 1888 tenent,
277 1839 324 1877 nec
332 1839 379 1876 non
389 1824 471 1891 trepidi
481 1823 602 1878 formidine
613 1833 691 1891 portas

105 1913 253 1982 Exploront‚
264 1913 390 1980 pontesque
403 1914 429 1966 δι
441 1911 613 1980 propugnacula
622 1911 725 1982 jungunt.

105 2003 189 2056 Omnis
200 2017 243 2076 per
252 2015 332 2054 muros
341 2001 421 2070 legio,
435 2001 512 2054 sortita
520 2001 632 2069 periclum
641 1997 658 2062 ,'
723 2053 732 2057 ,

106 2090 232 2154 Excubat,
243 2102 383 2158 exercetque
392 2093 458 2142 vices
468 2127 475 2152 ,
487 2089 552 2158 quod
564 2090 648 2158 cuique
657 2090 766 2146 tuendum
777 2091 827 2152 cll...

94 2179 174 2232 *Nisus
184 2190 233 2232 etat
241 2191 313 2246 porte
322 2177 436 2231 custos...

146 2294 237 2350 Primo
258 2295 338 2348 versu
361 2295 407 2344 loc
428 2289 502 2361 fitper
517 2309 530 2342 e
547 2292 634 2351 vello,
656 2295 733 2348 velut
758 2311 826 2364 pro·

110 2369 255 2438 speciantes
270 2369 318 2421 suo
334 2366 425 2420 habitu
440 2363 570 2434 depingit.
586 2365 691 2418 Deinde
706 2367 828 2435 trepidos

110 2442 173 2496 facit
189 2439 342 2504 ministros,
361 2455 417 2490 non
436 2439 555 2490 ducem·
550 2471 558 2496 ,
577 2438 739 2490 &laborem
759 2440 826 2492 cita·

110 2529 189 2579 tum,
205 2531 253 2582 pet
267 2479 355 2580 juncia
375 2511 546 2566 connexione
564 2509 668 2579 gemitui
688 2509 829 2572 substanti·

111 2605 164 2652 va,
181 2603 243 2655 apte
261 2584 410 2654 exprimit,
429 2582 625 2636 multitudinem
637 2582 723 2652 quarti
735 2583 826 2636 carmi·
832 2621 835 2625 -

112 2659 154 2713 uis
178 2659 318 2724 tarditate,
337 2657 453 2741 vigilum
479 2655 629 2709 iudustriam
652 2669 700 2724 per
720 2665 742 2722 5¹
762 2672 834 2709 ver·-

114 2733 157 2786 uls
178 2732 358 2795 celeritatem,
377 2727 474 2798 ubique
500 2728 671 2790 accommode
702 2729 826 2796 exponit.

114 2805 174 2858 Hoc
189 2805 315 2856 nimirum
330 2807 457 2858 decorum
475 2803 532 2868 est,
550 2802 647 2873 quod'
641 2818 670 2854 ιιι
686 2805 766 2854 altera
779 2803 828 2852 ltu-

30 2899 32 2902 ’
113 2875 155 2944 ius
174 2877 285 2946 poesios
302 2879 364 2934 dote
387 2877 577 2934 observandum
601 2874 672 2939 crit,
692 2891 753 2927 cum
771 2889 834 2942 quo.
919 2879 922 2884 '
