2040 3644
201 281 286 336 222
353 249 764 339 Pnuacr'rrrs

198 416 287 471 Firma
298 415 402 488 quaein,
413 416 568 486 rursumque
577 415 622 468 sua
631 412 780 468 formidine
790 429 902 484 captus

200 513 370 569 concutitur.
380 513 479 568 Metuit
485 513 608 583 princeps
616 511 786 580 ‚metuitque
793 515 975 584 Tyrannum

198 609 249 664 Iste
261 609 330 676 suis,
340 610 376 663 ast
387 611 433 664 iiie
444 611 506 664 suos
517 630 525 663 :
536 611 618 663 rimor
628 611 694 662 alter
705 608 813 662 amoris

198 707 327 779 Fungitur
332 707 428 760 efficio
439 707 581 774 ,vindistae
593 706 703 760 sustinet
714 708 794 761 aiter.

197 805 239 858 Fir
249 805 407 875 quandoque
417 821 532 868 nocens,
544 805 607 856 dum
619 805 680 856 vult
691 803 792 872 punire
804 819 958 860 nnoenres.

198 901 255 970 Qui
266 903 351 956 scelus
363 902 445 957 iratus
454 902 547 972 plectit
557 941 565 968 ,
577 902 635 955 sine
647 901 762 954 crimine
775 918 838 955 non
852 903 907 960 est.

199 1001 241 1054 Sis
251 1000 314 1054 licet
324 1000 457 1067 offensus,
468 1017 560 1071 parces
571 1016 633 1054 cum
642 999 718 1052 laude
730 997 829 1053 clienti
842 1040 852 1065 ‚

199 1097 229 1150 Si
240 1113 268 1152 re
277 1115 350 1152 noxa
360 1113 442 1168 peret.
454 1099 553 1169 Magna
561 1095 598 1151 eii
608 1097 664 1153 hec
676 1094 782 1166 gloria,
795 1096 929 1152 summos.

198 1193 271 1247 Laedi
283 1193 393 1264 impune
405 1195 484 1248 duces
495 1213 503 1255 3
515 1195 567 1247 hos
578 1193 708 1248 credimus
724 1190 778 1246 effe
791 1195 911 1260 leones,

188 1289 256 1357 ¹Qui
265 1292 364 1344 calcare
376 1305 477 1360 queunt
487 1289 604 1354 hostem,
617 1305 784 1360 parcumque
794 1290 914 1356 iacenti.

200 1385 382 1451 Queneunvis
392 1387 480 1456 rapiat
490 1387 599 1440 demens
609 1384 730 1456 ignobile
740 1389 848 1458 vulgus

200 1480 318 1547 Sedidn,
330 1481 472 1552 meusque
481 1482 574 1547 furor,
585 1480 727 1540 clementia
737 1483 826 1537 selum

201 1581 276 1648 Saepe
287 1577 339 1634 fuit
349 1618 358 1646 ‚
369 1597 424 1650 quo
437 1579 518 1635 fracia
530 1579 584 1634 ruit
595 1579 725 1634 discordia
736 1580 828 1650 geneis
840 1600 850 1636 a
866 1653 870 1660 ι

200 1677 233 1730 Et
244 1677 299 1731 fera
313 1677 449 1733 blanditiis
460 1678 579 1749 capitur,
590 1675 743 1746 sensimque
752 1679 860 1732 leones.

201 1774 351 1830 Submisere
361 1775 452 1843 iubas,
464 1777 490 1830 δι
499 1777 592 1830 mollia
603 1773 667 1843 iuda
678 1775 837 1844 sequunnrr.

200 1870 320 1939 Praeceps
332 1873 371 1926 ira
382 1889 501 1936 moram,
513 1870 790 1942 spatiumvindiguatio
800 1872 892 1942 poscit
902 1891 912 1935 ς

199 1967 319 2018 Tandem
326 1966 430 2020 animus
439 1968 563 2037 ratioque
568 1967 951 2037 redierconsemperabnunen

200 2059 353 2130 Tempestas
361 2094 371 2126 ‚
380 2061 477 2115 tumidi
487 2077 544 2114 non
555 2040 659 2131 semper
670 2063 702 2118 iu
711 2079 815 2134 aquare
823 2062 940 2120 ducitur

119 2143 122 2148 ¹
201 2160 281 2212 Certa
292 2157 377 2229 quies.
390 2157 495 2212 Sensim
509 2158 599 2212 feritas
609 2159 714 2228 plebeia
725 2158 849 2230 quiescit.

201 2257 291 2324 Quam
300 2257 415 2310 resecare
423 2255 519 2326 nequit
528 2256 647 2310 consulta
658 2256 781 2324 porentia
792 2259 916 2328 culpam,

200 2353 373 2408 Dissimules.
384 2352 499 2406 Medicis
509 2353 575 2406 olim
585 2353 732 2408 incurabile
743 2356 848 2408 vulnus
859 2395 867 2421 ‚

202 2452 328 2508 Senatum
339 2452 499 2522 quandoque
510 2467 586 2505 mora
596 2451 648 2516 cst,
663 2451 689 2504 St
700 2465 827 2521 tempora
836 2454 942 2522 prosum.

202 2547 350 2616 Imperium
361 2549 436 2600 dulce
445 2547 482 2600 est
492 2565 500 2609 3
512 2550 632 2617 quaedam
643 2546 679 2601 est
689 2564 800 2618 regnare
811 2554 944 2621 voluptasr

202 2641 255 2694 Sed
263 2643 364 2712 regitur
373 2683 382 2709 ,
392 2645 556 2715 quicumque
567 2647 645 2717 regit.
658 2645 713 2713 Qui
724 2645 847 2714 pluribus
859 2665 922 2702 uuus

201 2739 333 2808 Imperat,
342 2741 403 2794 huic
412 2742 501 2810 piures
510 2742 559 2794 uni
570 2745 690 2796 mandata
699 2759 854 2812 reponunt:

204 2836 542 2910 Horregnopropriunrest
549 2837 902 2910 2=0nusest„quodpiurimus
908 2839 971 2904 aniir,
