2040 3644
243 304 815 410 cnn021ffi193·

66 465 112 519 Te
125 462 239 518 colle&
247 469 353 530 levant,
363 466 395 518 in
405 481 432 517 te
441 468 572 518 cumulata
583 465 719 530 feruntur,

67 564 141 629 Quae
152 563 262 631 sparsim
271 578 362 616 natura
372 578 475 632 patrum
486 563 611 616 diviserat
620 579 691 616 aevo.

70 661 117 712 Tu
128 660 205 729 super
215 660 323 714 invidia
335 661 457 723 nebulas,
470 659 597 728 dubiique
606 660 729 712 favorem
819 665 822 674 '

69 760 218 812 Nutantem
228 758 323 827 populi
333 793 342 815 ,
353 758 430 810 famae
440 757 551 810 ludibria
559 759 644 810 calcas
656 775 665 817 3

71 857 266 925 Contemprum
277 857 435 923 laudemque
448 855 487 906 tul
499 868 670 907 contemnere
684 852 777 917 nisus,

69 953 131 1004 Nec
140 953 198 1005 sine
206 955 282 1004 laude
294 967 392 1006 tamen.
405 953 488 1004 Velut
497 949 693 1005 Acroceraunia
703 964 820 1012 montes,

72 1047 165 1112 Quos,
181 1048 239 1101 sive
248 1049 366 1102 adversis
375 1050 472 1101 Boreas
484 1047 654 1117 aquilonibus
663 1059 737 1111 urat,

71 1145 127 1195 S'eu
139 1145 195 1196 leni
204 1143 304 1198 circum
316 1145 455 1216 Zephyrus
464 1131 606 1213 spiramine
617 1144 730 1205 lambat,
820 1151 824 1157 '

72 1240 127 1291 Seu
136 1255 207 1297 mare
219 1241 405 1310 tranquillum,
416 1242 460 1295 seu
471 1239 653 1310 despumancia
662 1240 769 1310 cingant

72 1334 209 1404 Equum,
221 1339 355 1392 fortunam
363 1342 441 1392 vultu
450 1338 587 1406 patiuntur
597 1338 692 1390 eodem
703 1356 711 1390 ι

71 1435 153 1486 Mens
164 1434 276 1488 immota
287 1435 337 1488 tibi
348 1435 399 1499 est,
412 1451 460 1487 nec
471 1433 544 1486 inani
552 1432 673 1488 volveris
685 1432 762 1497 estu,

72 1529 821 1599 Quaesorscuchpremnt.8pemcumsormidinejungis‚

72 1625 200 1678 Formido
211 1625 352 1690 coniunsta
361 1625 417 1693 spei
428 1625 464 1678 est
473 1644 483 1686 ς
493 1625 590 1678 fiducia
601 1643 634 1678 ne
641 1626 706 1694 quid

71 1721 203 1772 Audendo
212 1737 345 1789 peaeceps,
355 1721 400 1772 aut
409 1720 556 1788 desperatio
568 1737 669 1788 peccet.

72 1817 200 1870 Vidimus
210 1833 345 1886 {equoreas
355 1815 509 1869 Palinurum
517 1815 587 1868 forte
598 1831 645 1885 per
656 1817 738 1870 undas

72 1917 199 1968 Securum
209 1928 313 1984 captare
322 1914 395 1967 viam
406 1952 413 1976 ,
426 1912 582 1982 placidoque
591 1913 689 1982 sopore

73 2010 195 2064 Transtra
205 2007 335 2081 quieturi's
344 2011 462 2079 positum
474 2009 638 2064 consternere
647 2011 792 2073 membris;

74 2108 141 2162 Cum
151 2109 237 2162 subito
246 2111 314 2162 unda
322 2110 411 2163 furens
422 2111 591 2179 praecepsque
603 2110 678 2164 ruina
687 2109 819 2175 iacentem
858 2111 863 2117 ”

73 2207 206 2258 Volverec
217 2243 225 2268 ‚
237 2221 267 2257 ac
275 2206 365 2258 medio
376 2206 466 2257 liniret
476 2206 505 2256 in
513 2223 621 2274 aequore
630 2206 762 2261 somnum.

74 2301 200 2353 Vidimus
211 2298 349 2367 &pavidis
361 2298 505 2352 sulcantem
515 2317 647 2354 marmora
656 2301 737 2354 remis
823 2353 824 2361 ,
843 2343 846 2346 .

76 2395 176 2450 AEstum
187 2394 257 2446 inter
265 2393 448 2463 tumidumque
457 2372 537 2448 meris
546 2396 676 2464 trepidare
684 2398 817 2466 furorem,

76 2493 127 2544 Sed
135 2505 224 2542 tamen
233 2490 353 2561 ingentes
365 2492 469 2568 animos
478 2508 616 2561 opponere
627 2494 756 2560 Numam,

75 2587 130 2654 Qui
141 2587 222 2640 dubio
233 2602 342 2655 portum
352 2588 438 2641 tenuit
447 2588 595 2642 discrimine
606 2589 705 2644 vilior.
727 2603 733 2614 ·

27 2727 30 2736 Α
75 2671 219 2754 specimen
230 2684 354 2756 erigitur,
365 2686 423 2755 spes
433 2685 470 2739 est
478 2689 635 2745 moderanda¹
645 2686 743 2744 timore
753 2727 766 2757 s

76 2783 306 2838 Tutiusinmedio
316 2783 361 2838 est.
377 2784 468 2839 Virtus
479 2785 707 2838 secure‘malorum
803 2796 805 2802 '

76 2882 133 2935 lile
144 2896 189 2934 cua
200 2880 259 2934 sede
267 2883 341 2936 latet.
351 2882 446 2934 Multis
455 2881 593 2949 prudentia
601 2880 671 2932 laudi
682 2918 690 2944 ‚

77 2981 128 3035 Sed
136 2977 248 3048 vupina
257 2975 480 3048 nutemultisque
490 2976 611 3047 proficio
621 2977 717 3102 faniam
