2086 3652
158 235 478 318 ‘Cnnmrm
508 232 643 320 err.
673 233 713 322 I.
774 236 836 346 95

81 395 192 452 Sedibus
204 398 325 462 exultet,
335 399 414 450 luteae
426 413 487 466 pars
498 397 593 450 ultima
604 412 699 464 terra,

82 495 278 564 Brutorumque
288 511 374 564 nepos
388 497 398 548 .>
410 497 465 547 Cur
476 511 533 548 nou
541 493 586 548 hic
596 495 709 549 fulmine
718 492 821 559 uostro'

83 592 209 657 Corruit,
222 593 319 647 aeternb
330 608 410 661 caput
421 592 581 646 involvente
592 591 692 647 ruini?

83 692 142 744 Nos
153 689 211 742 nati
220 675 349 760 propiore
360 692 423 743 Deo
434 728 442 755 ,
454 707 505 743 nos
518 691 628 744 candide
638 687 710 744 Coeli

87 789 188 842 Turma
199 802 322 841 tenemus
332 790 418 842 adbuc
428 805 531 860 magnae
542 787 652 860 vestigia
664 789 776 854 former,⁴

87 885 176 951 Quam
187 886 289 955 Sophia
297 885 401 938 effinxit
412 886 508 938 divino
519 885 617 954 pollice
629 900 723 940 mater.

86 983 143 1035 Nos
155 984 235 1036 decus
244 981 363 1053 ingenii,
375 999 425 1034 nos
437 997 496 1034 rata
507 978 628 1053 potentia
640 981 730 1032 Coelo'

86 1077 209 1146 Adseruit.
222 1079 299 1146 Quid
309 1095 379 1130 nuuc
391 1079 495 1147 generis
506 1076 652 1146 primordia
664 1074 764 1142 nostri,
822 1088 825 1094 ’

89 1176 122 1228 Et
130 1176 205 1248 regni
216 1177 329 1238 titulos,
342 1174 625 1245 consanguineumque
636 1177 789 1228 Tonantem

89 1275 324 1336 Commemorem,
335 1272 407 1324 vites
419 1273 445 1324 bc
457 1271 605 1325 nobilitatis
616 1273 748 1326 honorem
759 1274 772 1327 i

89 1370 209 1424 Nomina
219 1371 297 1440 digna
310 1370 435 1440 quidem,
444 1371 489 1423 sed
499 1371 684 1424 nonhabitura
694 1371 817 1432 favorem

89 1465 243 1518 Afferimus.
254 1469 342 1518 Semel
354 1467 502 1522 excidimus
516 1467 664 1520 crudelibus
676 1466 767 1533 astris,

90 1563 124 1614 Et
134 1560 285 1624 conjuratas
297 1561 418 1614 involvit
428 1577 498 1615 terra
510 1542 644 1616 cohortes.

92 1661 156 1712 Fata
165 1672 290 1722 manent,
301 1671 376 1708 tenet
388 1659 414 1709 δι
425 1659 543 1724 Superos
551 1659 658 1712 oblivio
670 1659 771 1722 nostrit
788 1720 790 1722 ,

92 1756 236 1808 indecores
248 1753 413 1822 premimur,
425 1753 501 1824 vulgi
513 1756 643 1807 tolluntur
654 1756 753 1808 inertes

93 1854 135 1906 Ac
145 1850 215 1905 viles
226 1851 337 1916 animer,
348 1841 479 1923 Coeloque
488 1853 610 1906 fruuntur
621 1867 725 1921 aperto.
771 1917 773 1922 Ι

93 1952 153 2004 Nos
165 1950 268 2004 Divum
280 1951 403 2015 soboles,
415 1951 553 2022 patriaque
566 1950 594 2004 in
605 1951 665 2004 sede
675 1947 789 2034 locandi,

96 2047 224 2100 Pellimur
236 2049 338 2114 exilio,
351 2049 499 2120 moestoque
511 2051 662 2104 Acheronte
671 2063 805 2104 tenemur.
831 2035 833 2041 ¹

96 2145 172 2198 Heu!
185 2148 281 2208 dolor,
293 2147 319 2197 δι
329 2148 459 2213 Superdm
468 2150 573 2199 decreta
583 2125 705 2215 indigus!
717 2133 832 2200 Fanscar

97 2240 199 2302 Orbis,
212 2242 238 2290 δι
250 2241 362 2306 antiquo
372 2243 511 2292 turbentur
524 2242 617 2293 cundia
628 2245 763 2308 tumultu,

98 2339 138 2390 Ac
150 2336 239 2387 redeat
250 2335 368 2386 deforme
383 2337 470 2388 Chaos
481 2356 489 2397 ·‚
502 2339 572 2405 Styx
583 2353 637 2389 atra
648 2339 752 2390 ruinam

98 2411 243 2486 Terrarum
255 2429 387 2497 excipiat,
396 2433 505 2499 fatoque
514 2433 634 2499 impellat
644 2435 739 2484 eodem

74 2512 76 2516 ¹
99 2529 134 2580 Et
147 2528 270 2608 Corlum,
284 2527 311 2577 δὲ
321 2529 391 2579 Coeli
400 2528 486 2580 cives.
497 2530 534 2580 Ut
543 2528 628 2580 inulta
638 2530 761 2582 cadamus

101 2625 207 2687 Turba,
219 2639 268 2676 nec
279 2625 430 2678 umbrarum
443 2626 541 2694 pariter
552 2625 664 2696 caligine
673 2641 775 2694 raptam

100 2722 289 2786 Sarcotheam,
300 2722 416 2776 invisum
428 2739 519 2793 caput,
531 2723 757 2777 involvamusiut
765 2723 839 2779 astris

102 2822 284 2892 Regnantem,
297 2821 323 2872 δι
334 2821 411 2873 nobis
423 2823 530 2874 domina
542 2821 647 2874 cervice
658 2820 804 2873 minantem

103 2917 201 2990 lguavi
211 2915 363 2986 patiamur?
374 2918 457 2971 adhuc
466 2933 556 2970 tamen
565 2917 685 2986 improba
695 2914 767 2970 vivit
776 2917 786 2972 l
