2086 3652
314 305 604 376 Poesrm
769 335 810 406 η

63 417 65 426 ’
97 423 217 478 tudinem
231 426 381 488 extollere,
397 441 486 479 tamen
501 430 642 481 decennale
658 429 815 486 Graecotum

96 499 195 550 bellum
221 512 309 549 totum
330 497 399 566 pen‘e
426 500 567 554 inducitur.
598 502 728 572 Virgilius
751 505 815 561 licet

97 571 188 624 AEneae
204 570 234 622 in
248 571 350 623 Italiam
368 573 509 624 transitum
529 574 658 644 regnique
676 575 816 643 poffessio-

98 659 161 694 nem
180 644 276 696 aditam
299 645 432 714 precipue
453 647 597 714 speelaret,
619 663 710 700 tamen
728 650 816 702 secun-

98 718 146 768 clus
166 716 309 786 tertiusque
327 719 394 770 liber
415 735 463 788 per
483 719 606 788 Episodin
629 720 718 786 Trojae
744 723 817 776 exci-

97 790 170 873 dium
188 805 266 859 etque
282 791 374 844 AEneae
393 791 543 846 maritimos
562 811 666 848 errores
685 798 817 865 complec-

97 877 171 916 titur.

134 937 179 998 4⁰.
194 938 344 999 ,ornamenta
354 937 446 990 fabular
456 939 541 992 totius
555 939 615 990 sunt
625 939 758 1007 imprimis
776 944 814 993 de·

94 1008 237 1078 scriptiones
245 1011 418 1078 personatum
427 1011 570 1073 ,fastorum
581 1050 588 1074 ,
601 1014 739 1075 locorum,
750 1028 817 1066 tem·

98 1100 196 1151 porum
215 1085 265 1136 &e
283 1085 317 1135 ln
335 1083 431 1151 quibus
453 1097 513 1135 ante
533 1084 625 1136 omnia
644 1083 769 1147 iuventus
786 1087 819 1137 ad

97 1156 280 1226 eloquentiam
304 1157 450 1208 exercenda
472 1155 532 1219 est,
558 1171 587 1207 ut
609 1174 667 1225 quae
690 1157 818 1209 eximiam

99 1231 176 1298 poesi
200 1227 345 1282 conciliant
363 1229 493 1298 gratiam,
517 1247 629 1298 queque
656 1231 736 1282 semel
758 1247 815 1299 per·

101 1319 184 1372 cepta
206 1319 314 1355 menum
331 1305 375 1365 ,ael
390 1307 482 1355 'cetere
499 1319 651 1371 promptam
677 1303 818 1360 facilitant.

100 1378 178 1429 Unde
197 1376 226 1428 ‘m
244 1377 379 1430 Satcotide
396 1375 483 1429 nostra
499 1379 551 1428 hoc
572 1376 705 1444 imprimis
722 1377 818 1445 speila7

91 1449 209 1513 timus,
227 1464 257 1501 ut
275 1450 333 1501 haec
351 1451 419 1501 silva
439 1452 557 1517 quaedam
577 1448 640 1501 effet
662 1451 815 1518 descriptio-

101 1539 184 1586 num,
204 1519 338 1590 precipue
360 1523 510 1572 moralium.
533 1522 749 1589 Descriptionem
774 1523 818 1574 hic

101 1595 226 1646 invenies
245 1594 417 1659 personarum
433 1594 555 1660 gravium
575 1597 604 1646 in
619 1595 764 1661 Superbia,
783 1597 818 1648 le·

100 1667 179 1720 vium
198 1665 227 1716 in
247 1665 412 1731 Voluptate,
432 1666 508 1715 Dolo
527 1666 553 1714 ἂ
571 1665 692 1716 Philnuto
712 1685 720 1724 ·‚
739 1667 819 1718 sordi·

102 1740 195 1790 darum
210 1737 239 1787 in
252 1737 372 1788 Avaritia
389 1737 415 1786 δι
430 1736 527 1788 Acedia
545 1755 551 1786 :
568 1739 774 1790 truculentamm
790 1740 819 1790 in

44 1841 45 1844 =
101 1812 163 1874 Ira,
184 1808 343 1862 deformium
361 1807 390 1860 in
402 1811 501 1870 Fame,
520 1807 611 1859 Morte
627 1810 654 1859 δι
669 1809 817 1863 Antitheo:

101 1883 272 1938 honestarum
298 1881 327 1933 in
349 1883 428 1934 Arete
451 1881 477 1933 &
496 1881 664 1939 Sarcothea3
686 1880 820 1934 actionum

102 1958 198 2012 deiude
216 1957 270 2008 illis
288 1955 466 2008 conformium
483 1951 614 2022 expreffas
632 1953 761 2023 imagines
779 1971 821 2008 re·

102 2033 200 2102 peries.
213 2031 347 2097 Tempora
362 2029 442 2081 etiam
458 2027 539 2080 modo
556 2027 644 2096 aspera
661 2028 687 2078 δι
700 2029 820 2082 horroris

102 2109 202 2176 pleno,
221 2102 303 2156 modo
321 2119 426 2154 amoena
445 2103 471 2152 &
489 2100 641 2152 deliciarum
659 2100 803 2153 affluentia.

140 2180 275 2232 Accedunt
288 2177 414 2228 Orationes
428 2174 510 2228 variae
525 2191 572 2240 pet
586 2174 653 2224 hanc
665 2173 761 2240 poesin
774 2191 822 2242 op·

105 2251 221 2322 portun‘e
230 2249 388 2319 spargende.
402 2249 492 2314 Quum
504 2263 519 2296 a
529 2246 610 2296 Poeta
619 2245 711 2312 sepius
723 2249 755 2296 ad
765 2263 822 2312 pet·

106 2328 184 2378 sonas
198 2325 282 2386 alias,
298 2323 373 2374 velut
389 2320 418 2372 in
433 2320 510 2372 scena
524 2316 643 2380 astutas,
662 2317 822 2370 transferen·
888 2366 898 2386 ,

106 2401 154 2451 dus
174 2399 260 2451 sermo
280 2395 334 2457 sit,
356 2395 382 2444 &
397 2394 438 2445 hee
457 2391 486 2442 in
501 2387 627 2454 judicium
647 2405 676 2439 ac
695 2390 822 2442 delibera-

107 2473 210 2526 tionem
227 2467 395 2523 advocandae.
413 2465 518 2516 Habent
534 2459 601 2512 vero
620 2459 755 2512 orationes
771 2462 823 2515 illae

108 2545 260 2598 affinitatem
275 2539 390 2609 aliquam
405 2537 434 2590 in
449 2533 618 2603 concipiendi
633 2530 824 2602 differendique

92 2619 232 2680 ¹ratione,
254 2611 409 2675 cumillis,
431 2628 489 2680 quae
509 2605 625 2660 historiis
646 2605 796 2658 inseruntur
815 2647 824 2672 ,

108 2690 244 2743 affellibus
264 2689 420 2756 plerumque
442 2699 519 2753 atque
538 2681 688 2744 animorum
707 2679 825 2732 concita-

108 2765 185 2816 tione
200 2765 294 2830 plene.

145 2835 271 2903 Denique
288 2831 475 2902 comparationes
491 2827 522 2882 ab
540 2823 670 2893 exemplis
687 2825 826 2892 heroicis,

110 2909 267 2977 pariumque
281 2920 326 2959 aut
337 2904 478 2972 disparium
494 2899 668 2956 similitudine
679 2913 767 2950 rerum
778 2901 826 2951 du-
