2086 3652
231 297 277 387 m
423 293 752 366 HunotcA

228 415 398 488 potissimum
416 417 575 500 requiritur,
588 433 669 488 quum
683 416 815 470 incitanda
830 433 879 488 per
889 435 945 489 gra·

227 493 319 543 viores
340 489 449 544 assessus
478 491 589 554 oratio,
617 491 649 542 ad
674 493 837 544 movendum
858 493 944 562 magis

227 579 307 634 quam
319 567 350 616 ad
361 563 540 636 delesiandum
555 563 734 631 componitur.
750 565 780 614 in
790 563 875 648 priori
890 565 944 618 flo-

224 651 289 688 rens
307 638 389 714 magis
408 652 437 688 ac
457 636 589 704 splendida
604 636 772 699 dominatur,
787 651 817 688 ac
828 635 944 690 circum·

225 705 331 762 ducitur
343 723 429 761 oratio
445 709 586 776 epithetis,
598 709 780 776 metaphoris,
798 707 943 778 figurisque

227 782 431 850 grandioribus,
455 783 561 850 plenior
586 795 664 850 atque
691 780 886 834 ambitiosior:
912 781 942 836 iu

227 851 391 921 posteriori
385 867 458 918 Juxta
476 851 617 905 affesluum
627 867 763 915 naturam
781 852 853 906 vel'
846 853 942 906 incita·

228 931 272 977 bur
287 929 331 978 vel
349 925 502 998 producitur
520 923 623 978 distin:
641 926 736 990 iratus,
747 941 788 976 ma
807 927 829 978 is
845 927 941 994 abrup-

226 997 281 1062 iis,
300 999 440 1068 incisisque
458 998 583 1050 membris
600 997 701 1057 fertur3
721 942 837 1051 ιιειιιῖΙ
830 997 942 1050 interro·

226 1072 292 1196 gar,
285 1073 470 1138 ,exclamat,
491 1085 596 1134 vovet,
618 1070 754 1130 minantr3
773 1072 942 1153 metaphoras

247 1145 373 1214 gurasque
392 1143 545 1196 illustriores
565 1141 668 1196 sastidir.
689 1143 807 1206 Dolens,
825 1143 940 1198 circum-

227 1217 310 1268 dudii's
328 1215 410 1288 magis
428 1215 564 1268 sententiis
581 1215 749 1284 periodisque
765 1215 866 1267 lentum
883 1217 940 1268 ser-

226 1297 335 1341 monem
353 1289 449 1350 ttahir,
465 1289 585 1356 interque
603 1287 711 1356 suspiria
726 1289 752 1340 δι
765 1287 940 1340 exclamatio·

226 1377 292 1426 nes,
307 1361 388 1414 etiam
415 1359 537 1432 saepius
526 1373 691 1444 interrogat,
709 1375 853 1428 vovetque.
874 1361 939 1412 Me-

226 1445 321 1497 tuens,
341 1423 442 1486 rursum
466 1433 634 1497 orationem,
657 1449 735 1502 quam
759 1430 865 1484 moestus
890 1449 939 1500 per

224 1505 364 1574 spondeos
389 1507 523 1567 tardabat,
543 1507 569 1558 δι
592 1503 699 1574 gravius
719 1503 937 1571 circumferebat,

225 1577 337 1648 dasbyiis
355 1577 552 1646 levioribusque
567 1579 656 1630 verbis
674 1594 703 1629 ac
722 1576 857 1630 sententiis
869 1595 937 1646 prae·

226 1651 328 1718 cipitat.
345 1648 427 1721 Qubd
450 1650 473 1702 si
493 1648 561 1703 vero
585 1649 614 1702 hi
632 1649 739 1702 assessus
760 1650 937 1722 misceantur,

225 1723 356 1776 orationis
371 1723 451 1775 etium
468 1739 535 1775 unus
553 1739 609 1774 non
625 1723 741 1776 manebit
760 1721 873 1777 habitus

226 1795 345 1849 Porro
363 1797 397 1848 nd
415 1795 491 1860 hujus
509 1795 647 1848 dosirinae
644 1798 706 1848 vim
725 1795 854 1864 usumque
872 1812 937 1864 pro·

223 1869 283 1938 pitis
300 1871 472 1931 intuendum,
496 1868 540 1919 ilia
559 1869 607 1920 ribi
628 1870 744 1920 adeunda
761 1883 857 1934 erunt,
878 1886 938 1938 quae

222 1944 255 1994 de
273 1940 418 1992 charasiete
438 1939 537 2007 tripiici
558 1955 623 2008 part.
647 1943 719 2004 1⁸,h
740 1947 821 2003 20,c.
842 1950 891 2004 230
909 1943 937 1994 δι

223 2017 285 2075 24⁰,
296 2011 390 2064 diserte
405 2011 466 2064 satis
481 2011 661 2076 disseruimus,
668 2015 699 2064 ad
712 1980 849 2065 heroicae
841 2013 938 2096 impri-

222 2083 274 2138 mis
294 2087 402 2152 poesios
420 2085 548 2154 genium,
568 2083 698 2153 exemplis
713 2087 944 2154 appositisetianr

224 2157 413 2212 inumbratum.
437 2157 476 2210 Ut
499 2157 522 2210 si
549 2159 606 2210 hic
626 2175 686 2211 cum
710 2159 783 2223 illis,
803 2177 860 2228 quae
887 2161 937 2212 hac

221 2247 296 2304 parte
312 2233 331 2283 l.
355 2245 387 2293 ι,
406 2247 429 2283 c.
446 2246 455 2281 1
470 2270 478 2296 ,
496 2232 528 2283 de
543 2231 632 2300 Elegia
649 2233 762 2296 tradidi,
782 2231 937 2300 preceptio·

221 2304 299 2355 nibus
310 2319 455 2370 componas
468 2341 477 2368 ,
489 2305 625 2373 utriusque
642 2304 720 2357 sacil'e
736 2305 874 2358 discrimen
885 2305 936 2358 ob·

223 2375 328 2428 servare
345 2377 442 2444 possis.

260 2450 330 2500 Nam
343 2461 385 2512 ιο,
399 2450 472 2518 quod
489 2451 570 2502 verba
591 2448 707 2517 spediat',
726 2450 863 2520 grandiora
875 2451 935 2518 ple·

224 2522 474 2590 rumquesettrtur,
489 2525 576 2574 crebra
597 2538 628 2574 ac
648 2524 784 2592 peregrina
803 2521 936 2576 uentano

225 2610 296 2646 amat
309 2596 425 2662 epitheta
435 2631 443 2655 ,
453 2595 615 2660 metaphoris
627 2597 653 2646 δι
662 2596 897 2662 frequentioribus,
909 2597 936 2648 δι

225 2667 427 2733 magistrianis,
454 2665 631 2731 (quanquam
656 2665 724 2716 intra
752 2666 935 2724 similitudinis

224 2753 292 2806 nptae
314 2736 441 2788 terminos
461 2734 659 2800 sustinendum)
680 2736 829 2790 deluantur.
854 2737 934 2788 Anti·

223 2806 399 2878 quarterium
426 2821 576 2873 novaraque
597 2809 659 2858 ioco
685 2824 716 2860 ee
736 2822 856 2874 tempore
876 2823 934 2862 non

222 2882 382 2950 aspernatur.
395 2886 437 2945 2⁰,
449 2878 717 2951 Longiurnuonrerb
728 2879 838 2935 senatur
846 2897 933 3006 mpur-

887 2969 915 3010 η
