2086 3652
307 301 624 376 Portum·
762 323 807 394 μ

97 424 260 480 demitteret
274 426 345 480 uado
359 425 439 478 sistus
452 417 576 488 italicirs,
590 421 759 494 quantumvis
772 420 813 476 di·

97 495 187 566 ligetis
201 499 339 550 aemulator
354 497 482 568 Virgilii,
498 497 545 550 lib.
560 503 594 560 70
608 497 645 548 ita
662 495 750 549 canit:

98 610 134 663 Ur
146 627 215 678 quum
227 610 352 665 fulminibus
363 613 475 680 permixta
484 612 582 663 tonitrua
594 610 703 663 mundum

97 697 238 752 ‘lenificant
247 736 255 761 ,
265 701 391 768 summique
401 699 462 750 labat
472 699 554 750 domus
563 698 608 750 alta
620 697 741 756 Parentist
817 743 820 748 .

97 785 178 838 Omne
188 787 304 838 bominum
312 789 334 838 ln
344 790 407 839 terris
418 785 514 853 trepidat
523 801 594 852 genus
604 824 611 846 ,
622 786 713 854 ipsaque
722 785 807 840 oborta

97 872 148 926 Lux
157 885 224 926 atron
235 877 318 936 micat,
330 875 355 926 dr
367 874 461 941 presens
472 872 560 924 ndlltre
569 873 654 924 viritim

99 961 206 1014 Creditur
216 964 304 1014 intento
316 960 430 1028 perculsus
441 959 528 1025 Jupiter
538 961 600 1026 igne.

136 1078 189 1130 liic
205 1091 381 1146 praeterquam
398 1071 471 1142 qubd
489 1073 518 1124 in
532 1072 601 1124 vers.
622 1073 655 1136 30
669 1074 749 1126 verba
765 1075 816 1130 ali·

99 1167 179 1220 quam
196 1151 401 1219 trepidationem
414 1144 532 1197 audienti
548 1144 718 1212 imprimant,
730 1161 816 1199 cetera

98 1240 193 1292 parum
210 1225 287 1276 rebus
302 1223 362 1274 sunt
371 1235 430 1288 apta
441 1236 449 1278 i
460 1219 513 1270 hoc
527 1217 607 1270 etiam
619 1220 744 1288 apposito
755 1237 816 1272 ora.

99 1295 184 1348 tionis
200 1296 282 1350 nexui
299 1295 449 1358 adversatur
459 1330 467 1354 ,
477 1292 550 1359 quod
566 1290 650 1358 priirs.
660 1295 751 1346 cadere
766 1295 821 1347 Jo-.

98 1368 143 1420 vis
158 1371 257 1437 templa
274 1385 304 1421 ac
320 1367 450 1436 trepidare
467 1363 609 1427 homines,
624 1365 683 1430 posi
697 1383 817 1421 atrocem

96 1441 187 1494 lucem
206 1439 333 1503 oboriri,
354 1457 401 1507 per
423 1438 504 1510 i‘ctpor
521 1439 637 1513 egium
655 1439 733 1492 dicat.
761 1440 816 1490 Ta·

98 1529 170 1576 ceo,
189 1513 261 1581 quod
282 1514 369 1562 viritim
392 1516 482 1575 adstare
506 1515 636 1582 perculsum
659 1513 711 1581 igne
732 1511 816 1568 Iovem

99 1601 195 1654 parum
206 1583 343 1652 perspicui
356 1584 382 1634 δι
392 1585 488 1637 idoned
497 1585 663 1638 transsatione
673 1598 820 1640 memoret.

136 1655 251 1710 Statium
275 1657 302 1706 δι
326 1657 497 1708 Claudianum
522 1673 596 1724 parte
618 1656 815 1719 1³,l.2⁰,ex·

99 1728 199 1798 pensos
219 1727 309 1796 paucis
329 1727 372 1778 hic
389 1742 479 1797 tango¹
495 1730 614 1796 Uterque
631 1729 668 1780 ita
690 1727 818 1784 illustrem

98 1798 213 1855 sectam
231 1798 400 1862 orationem,
416 1816 447 1852 ut
459 1800 671 1868 perspicuitatem
685 1814 741 1850 non
755 1797 815 1852 raro

98 1873 233 1942 negligat,
246 1871 472 1940 compositionem
484 1873 565 1925 etiam
576 1874 652 1926 rebus
664 1885 818 1923 accommo-

99 1947 160 1998 dam
175 1944 263 1997 minuis
280 1959 353 1997 curet
369 1964 376 2006 3
393 1962 557 2015 quanquam,
574 1961 604 1998 ut
622 1943 719 1998 Statius
736 1945 816 1996 Clau·

99 2017 180 2070 diano
199 2017 343 2082 illustrior,
360 2018 397 2071 ita
416 2021 496 2073 etiarn
511 2019 647 2072 obscurior
664 2017 699 2070 sit
717 2017 817 2070 haben·

100 2091 158 2144 dus.
172 2091 275 2143 Ouidio
286 2092 315 2142 in
323 2091 412 2160 Epicis
420 2094 556 2162 perspicua
567 2092 655 2145 oratio
666 2106 816 2157 nunquam,

100 2162 208 2216 illustris
226 2177 315 2216 tamen
332 2166 408 2230 illic,
424 2168 470 2218 ubi
488 2183 575 2218 rernm
593 2166 746 2233 magnitudo
770 2164 818 2213 ad·

101 2234 205 2301 mittit,
221 2253 413 2304 nonnunquam
428 2237 505 2290 decli.
522 2241 620 2292 Statius
636 2238 673 2288 ita
684 2237 756 2304 Argo
768 2248 819 2286 na·

101 2306 160 2360 vim
177 2310 328 2377 propulsam
343 2309 483 2375 describit,
496 2309 543 2363 lib.
562 2321 593 2374 50
608 2309 695 2362 Theb.

100 2425 165 2478 Ecce
173 2438 248 2480 autern
259 2429 326 2477 eruti
336 2425 455 2492 dispellens
464 2441 556 2493 equora
566 2424 652 2493 proti,

78 2575 87 2584 p
101 2511 174 2566 Pelias
184 2514 256 2566 iurasti
267 2513 312 2566 late
323 2513 380 2565 subit
390 2513 480 2580 hospita
487 2515 553 2580 ponti

102 2595 169 2654 Pinus
182 2612 271 2668 rugant
279 2601 366 2669 Minya
375 2635 383 2661 ,
392 2603 495 2668 geminus
507 2601 583 2669 nagor
594 2601 663 2654 ardua
674 2612 747 2655 tanet

103 2685 148 2740 l’rr
156 2687 226 2739 latera
239 2702 247 2745 3
261 2687 378 2756 abruptam
390 2689 471 2742 tretlts
481 2689 593 2742 radicibus
605 2692 638 2743 ire

103 2776 221 2843 Ortygium
233 2815 240 2838 ,
255 2785 294 2828 aut
302 2775 396 2830 lratlurn
407 2779 490 2846 pelago
500 2777 622 2830 decurrere
632 2767 744 2832 muntem.

140 2889 252 2961 Augusta
265 2889 326 2947 sart&
340 2891 436 2948 oratio.
454 2893 505 2947 Sed
526 2894 604 2963 quam
624 2893 708 2946 audax
725 2891 751 2944 dt
766 2907 820 2946 sev
890 2937 892 2944 Α
