2086 3652
200 296 246 363 24
391 271 781 348 Hirtulei

196 395 244 446 slae
256 393 353 463 poesin
361 394 428 448 hanc
438 409 598 464 magnopere
611 405 752 446 exornant.
764 391 832 444 Sunt
841 389 917 445 euim

196 467 334 520 illustrium
346 467 487 537 figurarum
499 465 594 529 instat,
613 483 670 534 quae
688 465 745 516 illic
755 462 825 517 resi&
842 465 917 517 usur·

195 556 309 607 pientur,
324 541 369 592 ubi
384 543 430 594 vel
439 539 566 610 singulari
574 541 647 591 cultu
661 537 792 590 efferenda
806 537 916 602 oratio,

198 614 224 666 δι
240 629 302 664 tune
316 615 421 682 quidem
438 613 575 682 longiores
595 610 808 680 comparationes
824 625 918 670 amet·,

196 688 242 738 vel
252 686 332 738 etiam
348 685 500 738 molliorem
513 687 652 754 quemdam
663 699 817 752 apparatum
832 683 917 735 sesia-

196 773 259 817 tur3
275 773 304 809 ur
313 758 425 826 proinde
436 759 479 810 his
495 758 580 810 veluti
595 755 705 810 floribus
720 755 854 808 vestienda
868 756 916 810 sit.

197 831 280 883 Porro
297 829 447 882 intumescit
463 831 571 893 oratio,
590 847 672 898 quum
687 847 702 882 a
718 831 794 882 rebus
810 829 918 898 grandi-

196 905 244 954 bus
260 903 435 972 deprimitut,
457 918 538 972 quum
556 920 570 954 a
588 903 735 956 levioribus
753 901 852 954 similia
866 917 918 970 pe·

197 988 297 1028 tuntur.
306 977 382 1028 Unde
394 991 449 1028 tam
461 978 493 1028 ad
501 975 666 1043 despesium,
678 975 757 1044 quim
766 976 798 1026 ad
809 976 917 1032 laudem
966 1017 971 1026 ,

197 1049 293 1100 horum
314 1047 444 1102 benefitio
467 1047 567 1102 eximie
585 1048 668 1101 diseio
688 1047 801 1101 acuitur.
823 1048 917 1112 Quum

196 1123 242 1173 vel
255 1122 324 1174 levis
340 1139 381 1174 res
393 1121 448 1186 est,
464 1140 522 1191 quae
540 1122 711 1184 describitur,
727 1123 772 1172 vel
790 1137 851 1172 cum
866 1121 917 1174 im·

196 1209 260 1261 petu
275 1192 433 1258 conjuncta,
453 1195 578 1248 brevibus
593 1195 761 1262 abruptisque
776 1210 916 1260 compara·

197 1266 315 1318 tionibus
330 1269 442 1334 gaudem
458 1267 531 1320 secus
544 1305 552 1330 ,
567 1266 613 1318 ubi
628 1267 738 1336 gravior
753 1265 842 1318 suerit.
862 1268 916 1318 Sed

196 1339 253 1390 haec
269 1339 352 1407 magis
367 1339 498 1408 exemplis
514 1339 681 1407 propositis,
699 1337 778 1408 quim
795 1337 915 1392 dosirind

198 1426 347 1478 capiuntur.

237 1485 278 1548 5⁰.
298 1485 414 1552 Epilogus
427 1498 509 1536 artem
520 1501 577 1536 non
587 1485 682 1544 habet3
702 1484 781 1537 instar
792 1485 864 1536 enim
875 1483 915 1536 hi-

196 1553 283 1607 storiae
294 1557 425 1624 Epopoeia
442 1557 497 1612 illic
514 1558 648 1621 subsistit,
663 1558 709 1612 ubi
725 1557 796 1610 assio
812 1574 915 1626 propo·
982 1584 990 1590 .

197 1627 248 1680 sita
260 1627 341 1695 linem
353 1629 458 1684 invenit
470 1669 477 1696 ‚
497 1646 542 1684 aut
554 1630 624 1684 cert‘e
635 1631 726 1700 paucis
738 1629 884 1684 concludit.

101 1817 103 1822 ·
198 1779 912 1853 sswffissssssmm

359 1913 617 1984 CAPUT
668 1917 754 1984 v1.
857 1961 859 1966 ·

194 2035 291 2102 Ratio
315 2035 477 2122 Epopoeio
507 2031 715 2122 concipiendo
745 2059 782 2100 ac
805 2036 913 2126 dispo·

243 2131 378 2214 nendo,
399 2131 541 2218 exemplo
558 2130 605 2196 ad
621 2131 748 2223 Virgilii
763 2133 914 2201 imitatio·

242 2251 312 2296 nem
328 2228 512 2316 proposito,
534 2228 702 2295 declarata.

196 2355 296 2478 UT
313 2419 380 2472 hanc
396 2420 564 2490 concipiendi
579 2422 716 2476 rationem¹
726 2423 755 2476 in
770 2422 866 2491 poesi,
887 2424 913 2476 &

199 2490 359 2560 praecipuam
375 2494 401 2545 ὅ(
417 2495 617 2558 difficillimam,
632 2497 717 2565 magis
732 2498 836 2566 planam
855 2499 914 2549 red-

198 2565 290 2616 damus
309 2568 368 2636 ‚vad
388 2569 482 2634 praxin
506 2568 589 2634 ipsam
613 2571 730 2632 brevitet
749 2569 912 2632 veniamus,

201 2637 227 2687 δι
244 2640 465 2704 quemadmodum
482 2640 635 2694 imitatione
646 2640 757 2708 Virgilii
775 2639 912 2706 primitur,

200 2707 293 2760 deinde
322 2710 405 2761 etians
429 2726 523 2778 tuopte
551 2711 629 2761 dusiu
653 2711 816 2778 ingenioque
841 2712 912 2776 Epo-

198 2781 296 2850 poeinm
307 2782 422 2834 formare
433 2783 540 2850 possis,
555 2782 702 2834 videamus.
716 2781 846 2850 Virgilius
860 2781 911 2833 sibi

200 2852 344 2923 odysseam
364 2854 494 2919 Homeri,
512 2867 541 2906 tu
559 2852 608 2906 tibi
626 2852 765 2916 AEneidem
783 2851 910 2922 ptaefige·‚

659 2933 662 2938 “
811 2934 815 2938 “
867 2927 910 2980 ille
