2086 3652
221 259 269 330 70
411 232 743 302 Hernica

219 353 304 425 magis
319 352 398 424 quim
408 354 508 406 virtute
523 351 602 404 metri
615 352 691 404 ausus
702 349 782 404 fuerit
791 390 799 415 ‚
809 350 833 405 is
843 391 852 416 ,
864 358 942 422 quod
977 375 981 392 ›

221 430 355 497 optimum
375 426 430 483 est.
453 443 510 478 non
533 424 688 493 assequetur.
708 423 815 477 Horatii
838 425 889 479 hac
909 427 942 480 in

221 516 296 570 parte
311 499 500 570 negligentiam
514 497 668 552 imitandam
684 497 786 549 nemini
800 498 941 552 suaserim.

220 573 358 629 Iuvenalis
376 571 459 624 nimia
474 570 511 624 est
530 571 678 624 rotunditas
692 571 718 622 dt
733 570 873 652 Epopoeiae
894 573 945 626 vi.

220 647 283 700 cina
300 664 309 706 ·,
324 645 408 715 magis
428 644 515 698 Persei
531 645 580 696 hac
599 643 629 696 in
651 659 680 696 te
704 657 863 706 uarietatem
880 661 941 698 atn-

241 719 332 772 ledor.

169 793 174 804 '
221 737 240 788 p
259 791 320 844 Post
336 791 442 861 Satyras
452 787 607 858 proximum
621 787 650 840 in
666 787 750 856 Epico
766 789 884 842 carmine
894 791 941 842 lo-

221 880 285 916 cum
300 863 435 932 dignitatis
451 861 618 929 adsequuntur
631 861 746 913 carmina
758 861 939 932 Panegyrica‚

222 935 413 998 Genethliaci,
425 933 597 1002 Epithalamia
607 971 615 996 ,
627 934 730 986 Votiva
743 973 750 997 ,
762 935 940 1000 Paraenetica‚

223 1009 251 1061 δι
268 1008 395 1077 quidquid
410 1007 591 1068 huiuscemodi
610 1021 748 1075 poetarum
767 1023 843 1059 extra
863 1008 940 1076 Epo.

120 1095 122 1100 ·
224 1082 326 1150 poeiatn
336 1081 451 1134 occurrit
461 1080 490 1132 in
510 1079 678 1132 hexametris.
699 1080 767 1145 Quae
784 1097 866 1147 quum
878 1096 941 1150 gra·

223 1154 316 1206 viores
336 1170 424 1206 rerum
444 1151 651 1221 permutationes
671 1150 864 1221 affedluumque
885 1153 940 1205 im·

223 1241 301 1294 petus
317 1226 400 1279 rarius
419 1225 643 1292 compleamur,
660 1225 815 1294 plerumque
833 1226 941 1278 medio·

224 1298 263 1350 cri
278 1297 440 1361 mandere,
459 1299 485 1351 ἃ
501 1297 609 1349 florenti
620 1299 734 1366 quodam
749 1297 879 1351 orationis
891 1315 940 1368 ge-

224 1386 289 1422 nere
307 1369 436 1422 delectam
455 1387 464 1428 3
480 1384 511 1422 ut
532 1369 598 1421 mihi
617 1369 724 1438 quidem
746 1371 846 1440 Ecloga
863 1371 942 1426 rusti·

224 1459 319 1496 corum
329 1481 337 1506 ‚
352 1443 446 1512 Satyra
456 1441 619 1494 mordacium
633 1442 841 1506 causidicorum,
851 1459 940 1498 cetera

225 1515 255 1566 in
278 1515 366 1582 Epicis
392 1530 516 1582 poemata
542 1513 696 1568 florentium
728 1515 939 1586 disertorumque

224 1587 370 1653 juvenum,
386 1587 517 1656 Epopoeia
538 1587 627 1656 gravis
654 1588 776 1640 virorum
793 1588 939 1658 senumque

225 1659 347 1713 videatur
364 1661 461 1712 oratio.
479 1660 612 1727 Quocirca
631 1661 657 1712 ἂ
676 1661 743 1712 hanc
761 1660 868 1729 gravius
885 1662 938 1714 mi·

226 1733 326 1801 ndsque
343 1736 491 1786 exultanter
505 1750 534 1785 ac
551 1732 664 1795 florid'e,
683 1731 761 1802 quim
779 1733 938 1804 Panegytim

227 1819 367 1875 ceteraque
377 1806 405 1858 id
421 1823 503 1875 genus
520 1821 642 1873 poemata
656 1803 756 1858 neceffe
771 1821 802 1857 ac
813 1808 939 1860 decorum

225 1879 277 1930 erit
288 1878 407 1931 incedere
424 1897 433 1936 ·‚
448 1895 506 1946 quae
520 1879 593 1930 causa
611 1895 659 1930 cur
670 1877 833 1930 Sarcotidem
842 1895 894 1950 ego
905 1881 938 1933 ad

227 1950 394 2020 Virgilianos
410 1967 534 2003 numeros
552 1949 679 2018 propius,
700 1949 851 2003 Carolinam
868 1951 937 2006 vero

228 2022 378 2091 Panegyrin
389 2022 563 2092 propinquius
575 2025 607 2075 ad
617 2037 701 2077 metra
713 2022 850 2078 Claudiani
860 2026 940 2078 exul-

227 2093 310 2146 tantia
327 2093 486 2151 inflexetim.
927 2103 931 2110 '

516 2373 644 2602 p
