2076 3652
206 261 227 336 8
396 251 723 331 Hunoscn

205 383 296 435 interea
311 401 347 436 res
365 383 404 434 illi
423 383 546 446 domestica
562 402 577 432 a
588 383 669 450 procis
684 383 725 450 qui
737 383 840 452 conjugis
855 401 919 452 nup*-

205 463 252 509 rins
272 457 409 516 ambibunt,
429 476 476 507 non
494 456 584 505 tannim
600 457 738 524 deperdita,
752 455 797 523 ssd
812 459 834 507 6·
847 457 920 524 filins

202 530 292 600 petitus
320 531 411 581 insidiis
433 547 441 580 ε
463 529 505 579 ille
527 529 599 598 igitur
615 529 669 595 post
689 525 812 595 superatas
834 530 919 580 mulni-

202 605 280 673 plices
300 603 436 671 iniquissimi
453 603 523 652 maris
540 602 701 668 tempestates,
722 605 816 679 tandem
832 603 921 669 patriae

206 677 344 738 restitutus.
369 692 452 742 procos
473 691 503 722 ex
526 674 617 723 insidiis
640 689 767 740 occupatos
794 674 919 741 immicis.

208 749 274 814 Quae
286 747 354 800 adlio
366 747 395 798 in
410 747 461 797 hoc
476 745 540 796 statu
555 743 682 812 spedista,
695 745 762 797 nihil
781 746 919 808 continet,

208 821 280 887 quod
299 837 314 871 a
329 835 396 872 vero
414 819 559 870 abhorreat.
579 819 656 870 Unde
676 817 741 869 illud
757 818 812 868 suis
827 817 919 868 nomi·

207 893 285 944 nibus
310 892 464 944 contrahere
481 891 513 942 ad
532 905 637 953 certos,
655 891 707 942 hoc
731 887 766 943 e'st
777 929 787 953 ,
798 889 921 959 Ulyssem

207 966 309 1034 Regem
328 966 354 1017 &
375 965 536 1031 penelopem
559 961 615 1030 ejus
637 961 778 1032 coniugem
795 979 830 1014 ac.
843 964 921 1014 Tele·

208 1040 331 1090 maehum
347 1037 450 1101 filium,
466 1036 574 1100 licebit,
591 1052 669 1105 atque
685 1037 714 1088 iu
728 1037 817 1088 lthacn
833 1035 921 1104 ipsunt

208 1111 293 1179 patrii
312 1111 468 1163 constituere
484 1128 492 1168 3
511 1109 599 1178 procis
618 1109 699 1162 etiam
719 1110 748 1160 ἃ
765 1108 875 1161 nomina
895 1108 923 1159 δι

209 1185 333 1251 personas
355 1198 530 1252 congruentes
551 1184 628 1246 dare,
651 1199 681 1234 ac
702 1181 795 1234 deinde
812 1184 843 1232 ad
861 1182 922 1234 sub-

210 1255 329 1308 stantiam
342 1255 470 1316 allionis,
486 1254 612 1320 episodiis
630 1253 683 1305 suis
695 1293 705 1318 ,
719 1256 770 1305 lroc
788 1253 839 1317 est,
851 1253 921 1321 aptis

208 1327 361 1380 fictionibus
381 1326 578 1385 illustrandam.
598 1325 824 1392 amplificandam,
843 1342 923 1394 atque

210 1400 395 1468 implicandam
411 1399 541 1450 accedere.
560 1397 611 1450 Vis
630 1397 717 1448 simile
734 1397 862 1450 AEneidos
879 1416 921 1450 ar·

210 1487 366 1540 gumentum
385 1471 479 1538 absque
498 1469 644 1536 episodiis,
663 1469 846 1522 verisimiliter
866 1470 922 1538 pri·

211 1543 257 1596 mis
270 1559 445 1612 conceptum,
459 1542 575 1610 proponi
587 1545 598 1595 .>
611 1543 675 1594 Tale
692 1541 745 1594 est:
761 1544 862 1614 Quidam
875 1563 922 1612 pa·

211 1617 260 1667 trid
276 1617 376 1667 urle'ab
395 1618 493 1678 hostibus
513 1617 627 1682 occnputd
643 1619 742 1672 cedens,
756 1617 779 1665 in
798 1635 848 1666 eant
866 1635 923 1668 son·

130 1689 132 1697 ’
209 1689 281 1739 cessit
303 1690 449 1762 regionem,
480 1692 539 1740 unde
567 1689 666 1752 majores
695 1689 843 1756 prodierant.
874 1689 924 1761 Qui

211 1763 290 1812 multis
314 1765 378 1813 tenid
400 1763 502 1829 murique
526 1763 640 1824 exhaustis
664 1763 805 1820 laboribus,
830 1766 923 1813 tandem

212 1836 241 1886 ab
264 1836 329 1886 illins
354 1837 405 1886 Ioci
429 1854 482 1904 rege
504 1835 636 1899 admrffns,
660 1835 685 1884 in
704 1853 811 1904 generum
836 1851 924 1903 quoque

212 1905 338 1974 ndJ‘cirus,
365 1909 462 1958 nivalem
487 1909 546 1974 regis
571 1906 643 1957 nicini
667 1909 797 1958 concitatis
815 1909 923 1977 filiurn,

204 1997 278 2049 ‘quent
303 2015 310 2040 ,
340 1980 404 2030 bello
435 1981 502 2048 gravi
534 1980 653 2046 atrocique
680 1982 796 2046 petitus,
829 1985 923 2048 deniqne

212 2053 287 2102 nic‘lor
310 2049 456 2120 superavit,
478 2070 506 2100 ac
530 2053 588 2120 filia
612 2070 728 2118 regnoque
757 2055 855 2104 alterius
876 2073 921 2122 po-

213 2126 270 2175 rinus
298 2126 337 2188 est'.
367 2125 448 2191 Quod
470 2124 572 2178 rursum
591 2123 659 2176 nihil
678 2125 798 2178 continet
822 2144 837 2177 a
858 2142 923 2180 vero

213 2196 342 2250 alienum.
365 2253 368 2258 ,
407 2199 429 2208 ”
860 2235 862 2240 -

253 2271 374 2322 Cetertlm
397 2271 426 2322 in
447 2269 578 2338 Epiiodiis
600 2285 678 2340 atque
696 2270 859 2324 ornamentis
878 2287 924 2338 per

213 2341 351 2394 fictionem
372 2343 494 2396 adhibitis
519 2342 599 2396 etiam
618 2346 707 2396 locum
728 2345 829 2402 habet,
855 2345 925 2411 quod

207 2414 338 2468 ¹historici
358 2415 590 2470 verisimilitudine
611 2416 773 2479 destituitur,
795 2415 876 2470 modi)
892 2415 923 2467 fi-

214 2488 304 2560 gurati
316 2507 372 2541 non
383 2505 476 2544 careat.
492 2491 558 2556 Ques
571 2489 711 2558 diligenter
723 2491 837 2542 notanda
849 2490 924 2554 sunt,

215 2579 295 2630 quum
311 2562 388 2625 hujus
400 2565 518 2632 quaednm
531 2561 639 2632 poesios
655 2562 742 2614 anima
756 2561 792 2614 sit
807 2560 890 2615 fictio.

252 2635 298 2696 4⁰.
318 2636 495 2704 Requiritur*⁸
511 2651 540 2686 ut
560 2639 591 2684 ad
612 2653 712 2688 amorem
729 2635 823 2682 virtutis
843 2634 924 2684 animis

192 2761 196 2770 Α
217 2707 394 2772 ingenerandum
405 2707 504 2775 serviat.
521 2707 610 2772 Quum
623 2707 694 2756 enirn
708 2705 762 2756 ltaec
781 2721 816 2756 ex
829 2703 923 2766 artibus

215 2779 364 2832 liberalibus
391 2781 452 2842 sit,
480 2796 537 2846 quae
559 2781 591 2828 ad
612 2777 729 2828 animum
752 2777 925 2830 excolendum

172 2924 175 2930 Ι
218 2851 349 2923 imprimis
365 2853 482 2913 faciunt,
501 2867 586 2922 neque
603 2851 635 2901 ad
646 2849 810 2904 intellecium
823 2849 927 2916 solitus„
