2040 3644
223 329 302 384 212
387 299 805 386 Pluucrnrs

221 460 308 530 AEqua
320 475 410 516 tamen
420 481 429 518 t
440 477 522 533 perte
533 463 642 517 defensat
652 462 760 517 civibus
772 467 864 520 urbes
905 477 908 480 “

220 559 374 613 Defendunt
383 561 533 614 Dominum
546 581 553 615 t
564 577 611 630 per
619 575 646 612 te
657 562 701 612 dat
714 562 788 614 curia
801 565 911 634 leges,

220 656 253 708 Et
262 655 370 726 recipit,
383 655 531 726 justumque
543 658 633 720 fovet,
644 655 767 725 iustoque
779 657 917 712 fovetur.
1005 687 1006 712 l

221 749 286 816 Qud
298 751 383 819 pietas
395 765 422 804 te
433 751 521 805 santia
532 767 629 816 vocat,
639 751 693 822 qud
705 753 828 805 Ecclesia
839 755 946 815 Mater.

220 847 281 898 Huc
292 847 418 916 sequeris.
429 847 516 900 Sacris
526 863 574 916 pet
585 862 613 900 te
622 847 774 914 reverentia
785 849 909 912 Mitris,

220 942 425 1014 Dodiotumque
436 943 550 1014 refulget
558 944 647 996 honos
658 961 667 1003 3
679 943 718 995 sic
728 941 827 1012 dirigis
840 961 951 1005 omues,

220 1040 260 1092 Ut
271 1039 368 1093 melior
379 1055 405 1092 te
417 1040 527 1109 quisque
539 1053 620 1109 tegat,
631 1055 711 1107 quem
722 1041 817 1091 laurea
829 1041 924 1094 Musis

225 1135 361 1199 Eximium
371 1138 493 1200 decorat,
505 1151 638 1205 quemque
649 1133 732 1186 infula
743 1135 846 1188 clarior
857 1136 943 1190 effert.

223 1232 332 1284 Diceris
342 1231 508 1284 Ausonidum
517 1247 604 1300 prono
613 1229 724 1299 vestigia
735 1233 818 1284 vultu

225 1326 383 1380 Observaffe
393 1327 476 1394 patris
490 1346 496 1378 :
509 1325 607 1394 stupuit
616 1339 643 1376 te
652 1325 739 1377 Roma
751 1341 917 1392 potentem,

222 1421 425 1491 Demiffumque
437 1421 536 1481 simult
549 1437 629 1490 quem
640 1420 774 1486 majestate
784 1422 920 1476 timorem

224 1519 354 1571 Hauserat
363 1518 477 1582 armati,
489 1519 585 1572 blando
596 1518 732 1571 convertit
741 1535 855 1584 amore,
881 1537 884 1540 ·

225 1613 367 1682 Postquam
378 1613 464 1667 oculis
473 1631 549 1667 vana
561 1614 652 1668 didicit
661 1615 799 1667 mendacia
810 1617 902 1671 fama.

224 1711 288 1763 Non
300 1710 421 1765 Gothico
431 1725 532 1766 terrore
541 1725 659 1776 trucem,
672 1728 740 1776 non,
751 1712 856 1778 Attila,
866 1716 965 1771 vultus

224 1811 303 1872 Non,
315 1808 435 1868 marite,
446 1822 541 1873 tuum,
553 1823 631 1861 torva
641 1806 746 1860 cervice
755 1807 926 1874 minantem,

225 1905 348 1958 Ostendit
358 1903 487 1972 trepidis,
498 1905 542 1956 sed
553 1905 659 1973 qualem
670 1904 765 1958 blanda
776 1905 897 1973 potestas

223 2001 362 2069 Fingetet,
374 1998 519 2068 Augustum
529 1999 632 2066 specie,
642 1999 701 2051 sine
711 1999 782 2052 nube
793 2001 925 2054 serenum.

222 2097 305 2148 Frons
317 2094 466 2155 Germana,
475 2089 594 2160 fidesque
604 2092 667 2156 tibi,
675 2111 756 2162 quam
762 2095 853 2150 nescia
860 2097 963 2150 fraudum

227 2189 408 2260 Simplicitas,
420 2191 549 2256 nulloque
560 2187 617 2240 doli
627 2189 761 2242 velamine
772 2193 874 2264 candor

225 2289 348 2344 l’toditus
359 2302 473 2340 exornat
484 2304 493 2346 ·,
507 2301 565 2340 non
573 2300 600 2338 te
608 2286 715 2340 fallacia
725 2303 810 2340 voces

226 2387 338 2454 Fingere
349 2423 357 2448 ,
369 2399 426 2436 nou
436 2383 552 2436 mendax
565 2383 655 2436 docuit
665 2383 805 2436 simulatio
816 2387 928 2440 vultum.

225 2481 352 2534 Hostibus
363 2497 435 2533 arma
444 2483 532 2549 palam
544 2519 552 2544 ‚
563 2497 619 2533 non
630 2479 702 2549 pacis
715 2480 833 2550 imagine
845 2482 926 2544 tedia,

224 2577 289 2628 Non
296 2578 399 2630 occulta
407 2577 476 2646 geris
487 2595 495 2636 ;
505 2553 674 2645 pugnamque
684 2575 832 2644 odiumque
841 2573 962 2646 profusus,

226 2671 337 2734 Exeris,
349 2671 507 2740 intentoque
517 2671 590 2740 priuis
600 2673 644 2726 das
655 2673 766 2726 vulnera
776 2672 860 2728 ferro.

229 2767 287 2818 Nec
295 2766 438 2819 Lairtiadae
450 2767 553 2820 fraudes
561 2805 570 2829 ,
579 2784 631 2820 nec
643 2767 725 2836 Ep'e'ia
737 2767 820 2820 vafra
847 2767 851 2775 '

227 2861 299 2916 Artis
311 2864 380 2918 dona
392 2863 497 2932 probas.
511 2860 593 2928 Quod
601 2860 704 2924 vitibus
716 2862 792 2940 ausus
802 2862 927 2927 Achilles,
949 2910 952 2918 .
