2086 3652
125 647 129 652 ,
158 545 442 634 'LECTORI
462 543 810 632 BENEVOLO

206 761 264 855 n
292 759 338 855 A
366 762 395 904 s
428 761 468 854 ιι
501 758 549 854 ιι
581 762 604 852 ι
637 758 680 851 ιι
715 760 757 850 s·

125 970 398 1082 VtrtoRUM
444 1002 676 1094 descriptiones
719 1025 841 1094 magno

127 1098 331 1168 adumbratas
346 1098 497 1192 opere&
511 1099 579 1168 fuse
592 1099 731 1168 ductas
724 1125 757 1167 ιιι
770 1101 843 1168 Sar·

126 1194 238 1266 cotide
251 1193 358 1272 nostra
368 1195 525 1287 reperies,
547 1194 664 1265 adhoc
680 1194 840 1290 ptaecipne

126 1291 267 1361 anobis
296 1293 519 1373 concinnata,
550 1311 588 1360 ut
618 1294 842 1386 plerarumque

122 1387 307 1482 imaginum
325 1390 429 1481 magis
448 1390 482 1456 in
500 1387 597 1458 Poesi
617 1389 842 1467 communium

127 1485 259 1578 quidam
282 1510 372 1579 quast
363 1487 496 1553 hortus
510 1482 608 1570 esset,
630 1484 716 1554 unde
731 1481 842 1552 rudior

127 1583 307 1652 etiamnum
320 1601 395 1650 aetas
407 1579 448 1649 ad
459 1581 542 1648 hanc
555 1535 753 1672 disciplinam
771 1603 842 1650 eru
912 1638 927 1660 4

129 1667 843 1786 dienda‚dele6lationemusumquecaperet.

125 1771 300 1861 'Quocirca
324 1774 421 1843 noli
413 1771 571 1866 imprimis
588 1770 763 1839 absolutum
784 1773 849 1839 he·

128 1868 212 1938 toici
233 1872 382 1939 carminis
402 1893 541 1962 corpus,
559 1868 592 1935 in
605 1867 665 1936 hac
675 1891 755 1934 mea
769 1867 843 1935 Sar-

127 1963 239 2036 cotide
256 1968 442 2061 requirere,
455 1969 519 2036 hoc
539 1965 627 2034 enirn
649 1981 684 2032 ut
705 1964 848 2032 omnino

127 2086 259 2157 agerem
283 2066 349 2134 mei
371 2063 500 2133 instituti
530 2061 685 2131 nonfuit.
706 2059 847 2131 Deinde

127 2185 171 2230 ne
189 2159 318 2229 accuses
335 2160 603 2250 descriptionum,
616 2157 681 2226 srve
695 2156 848 2242 frequen·

128 2257 234 2339 tiam,
255 2252 321 2322 five
344 2252 521 2345 quaesuum
536 2251 754 2344 amplificandi
779 2249 849 2320 stu*
891 2329 897 2336 .

129 2351 237 2420 dium·
227 2373 351 2444 quum
364 2346 397 2416 rd
406 2345 650 2439 mrhrpraecrpne
659 2345 846 2416 faciendum

128 2446 299 2532 duxerim,
318 2462 353 2513 ut
366 2442 552 2538 congestam
566 2443 705 2534 aliquam
717 2443 845 2512 illarum

132 2545 282 2640 sylvam,
295 2567 362 2611 uno
371 2560 483 2612 tamen
493 2542 526 2608 in
541 2563 641 2632 opere
652 2585 670 2619 ,
680 2536 746 2632 qud
763 2539 850 2607 emi·

128 2659 244 2710 nerent
261 2637 429 2724 illustrius,
453 2660 687 2730 proponerem.
713 2635 847 2733 Stylunn

130 2736 265 2830 propilts
294 2735 339 2806 ad
369 2735 587 2828 Virgilianam
616 2729 812 2802 modestiam
831 2781 849 2813 ,ι

132 2831 379 2928 candoremque
400 2833 494 2904 simul
513 2830 655 2909 inflexi·.
670 2848 704 2898 ut
721 2831 775 2923 qui
796 2829 850 2898 sor

590 2925 741 2996 Du¹
