2040 3644
273 295 688 366 PRAEFATJO:
784 319 855 392 agn

103 413 224 484 borum
250 418 337 488 cultu
365 417 581 512 infringatur3
607 414 757 510 dumque·
779 434 851 488 ora·

103 535 230 607 tionem
242 539 462 622 limas‚verus
473 555 533 622 ,rut
545 539 589 608 ita
601 534 858 621 dicam-effluat

40 641 44 649 ⁵
102 655 239 752 sanguis.
262 661 369 732 Hoc
362 661 459 754 igitur
484 658 736 755 diligentissimi}
763 683 856 728 cura·

101 777 158 868 vi,
180 799 319 852 conatus
341 782 436 852 certd
450 808 510 876 pro
532 783 618 852 virili
641 801 733 876 parte
758 779 861 868 sum,

100 917 138 968 ut
148 897 263 970 vestitu
275 902 433 980 orationis
447 920 583 983 mutato,
593 900 732 989 eaedem,
742 899 860 994 quoad*

102 1019 174 1089 den
183 1016 307 1113 pollet
319 1003 449 1114 ligurae,
462 1019 550 1091 idem
564 1021 791 1092 sententiarum
803 1045 854 1091 re·

104 1159 252 1210 maneret
280 1140 407 1210 habitus
432 1137 468 1210 dt
491 1142 594 1211 color.
624 1141 709 1232 Quae
733 1135 826 1211 caula
839 1191 860 1228 ,.

103 1258 190 1332 inter
200 1279 343 1348 ceteras,
355 1285 409 1332 me
423 1261 530 1332 movit
542 1314 553 1347 ,
565 1280 600 1331 ut
612 1260 766 1356 elegiacis
781 1285 853 1332 ver·

103 1381 211 1472 sibus,
235 1407 317 1479 quos
342 1403 452 1456 tamen
482 1377 634 1480 proprios
663 1383 725 1454 sibi
748 1381 859 1454 ludius-
933 1409 935 1416 ’

102 1503 268 1592 vindicat,
277 1506 342 1575 hoc
357 1530 440 1599 opus
454 1531 496 1576 ne
510 1505 741 1600 persequerer;
758 1528 853 1574 num*

104 1623 204 1719 qudrn
224 1625 319 1695 enim
338 1626 421 1694 milri
449 1625 628 1719 persuaderi
656 1626 757 1720 patiar
782 1625 853 1694 ullo

105 1745 211 1834 modo
228 1745 297 1815 lieri
315 1741 425 1840 pulle,
440 1764 479 1814 ut
488 1744 528 1815 ad
545 1755 666 1815 tantam
681 1769 787 1814 rerum
801 1742 855 1814 di·

106 1866 265 1962 gnitatem
277 1864 413 1962 assurgat
423 1868 537 1962 elegiae
548 1849 742 1937 tenuitasAEt
753 1865 854 1956 certda
916 1861 922 1870 ’

105 1989 141 2061 in
154 1989 250 2060 variis
269 1991 442 2085 genetibus
462 1991 662 2078 carminum,
677 1989 703 2060 si
718 1988 787 2060 suus
799 2013 854 2059 cu·

104 2107 218 2206 jusque
239 2110 287 2181 est
305 2115 409 2186 certus'
427 2113 522 2182 sonus
541 2109 577 2181 dt
606 2111 704 2203 quasi⁴
723 2111 862 2202 propria·

105 2255 195 2314 vox,
209 2229 314 2296 habet·
332 2228 434 2295 molle
465 2225 620 2320 quiddam
647 2225 683 2294 ὃ(
705 2243 856 2296 tenerum

109 2347 238 2439 elegia,
253 2369 319 2438 quo
336 2345 513 2414 mulceatur
529 2368 598 2413 non
607 2343 771 2414 illibenter
784 2370 863 2416 mu·-

108 2466 220 2539 liebris
240 2464 360 2552 dolor,
390 2465 476 2534 vires
505 2480 614 2556 autem
645 2459 681 2531 dt
716 2463 888 2540 lacertos·'

109 2611 298 2683 vocemque
321 2587 410 2656 illam
435 2583 599 2680 grauitatis
613 2583 764 2677 plenam,
792 2583 862 2680 qud·

111 2708 206 2780 fortis*
219 2706 315 2778 utitur
341 2705 457 2792 dolor,
470 2729 539 2775 non
553 2703 668 2775 ltabet..

160 2826 378 2925 Nequeverd
393 2829 427 2897 in
442 2829 578 2898 brevem
597 2826 778 2918 interpretis
795 2849 861 2922 gy*

60 2961 69 2968 ’
107 2936 186 3026 utin
211 2975 269 3022 me
285 2947 442 3045 conjeci,
466 2972 512 3019 ne
527 2944 678 3018 conclusa
694 2944 865 3044 iniquiore
884 2957 887 2962 “
