2086 3652
207 275 254 350 30
370 231 727 328 'lteram

203 377 234 430 in
248 376 327 462 specu
342 373 420 432 fed'us
432 377 606 432 decumberet
618 375 725 448 Religio
743 391 862 434 camene
879 393 923 436 tu·

204 445 280 504 celari
298 450 388 506 Caroli
409 450 489 522 genio
509 449 642 514 obtinuit
649 465 680 503 ut
691 451 715 504 is
734 454 767 504 ad
784 451 922 506 disceffunr

204 521 362 594 impelleret.
380 523 470 592 Quare
486 525 580 576 dolore
596 539 687 576 amens
703 524 846 578 Antitheus
857 526 923 580 Tar·

204 596 284 662 tarcis
300 596 641 668 igniburimmergitur.1ra
654 610 681 648 te
698 597 728 649 in
742 597 853 667 reliquie
867 597 922 650 fin·

205 671 292 740 gendo
309 669 493 740 imitandoque
510 669 601 722 licebit
616 669 764 739 progredi:
781 685 860 740 arque
875 671 924 725 ubi

205 741 301 795 AErreas
317 741 452 796 deducitur
467 743 499 795 ad
513 741 631 811 Elyfinm
645 759 820 811 depruriunt,
837 742 923 797 simili

205 817 288 868 modo
309 815 336 870 δι
356 815 467 868 Carolus
483 815 599 884 poterit,
616 816 724 868 tutelari
739 815 829 870 Genio
840 817 922 882 duce,

206 889 260 942 huc
283 887 425 954 incedere,
443 887 488 940 ubi
507 889 633 942 Carolum
651 889 799 958 Magnum.
819 889 924 944 Rudol·

206 961 290 1029 phutn
310 961 473 1014 Ambiacum
494 961 522 1014 δι
539 960 872 1024 maximilianum,
891 977 926 1016 ac

207 1033 359 1104 Philippum
383 1049 485 1103 patrem
510 1034 650 1104 reperiar·
671 1033 777 1100 eriam,
793 1034 818 1088 si
837 1033 924 1100 liber,

207 1107 237 1162 in
256 1107 330 1164 Orco
351 1106 500 1162 liaereticos
515 1123 546 1160 ac
565 1106 727 1162 Gentiles'
706 1124 764 1161 erne
779 1106 831 1160 fide
849 1123 926 1160 rnor-

209 1193 272 1232 tuos
283 1180 427 1264 agnoscar,
444 1195 474 1232 ur
490 1179 574 1251 magis
583 1183 616 1234 ad
629 1181 726 1234 horum
741 1195 845 1235 errores
858 1196 926 1270 pro·

209 1251 365 1320 fligandoe
358 1253 491 1306 incitetur.

244 1325 302 1376 Nos
318 1323 411 1376 ordine
428 1324 471 1376 hic
485 1323 540 1378 fere
555 1324 667 1394 Virgilii
689 1323 775 1394 poffus
791 1324 927 1390 terimus,'

208 1411 239 1450 ut
259 1396 361 1450 iaciliirs
378 1395 436 1450 de'
429 1396 590 1451 imitationis
607 1397 711 1451 rarione
725 1396 863 1452 constaret.
875 1398 928 1452 Re·

211 1469 278 1524 dius
297 1471 323 1524 δι
339 1469 425 1538 aprilis
441 1470 521 1522 eriam
541 1470 662 1526 imitator
678 1469 783 1540 finget,
802 1469 848 1539 qui
868 1485 930 1524 rur·

210 1545 272 1596 bato
290 1543 383 1596 ordine
400 1541 579 1607 Μιιοιιιιιιο,
595 1543 646 1598 alie
656 1543 717 1596 aliie
728 1545 798 1596 locis
815 1542 928 1598 leuatur

212 1615 309 1682 fuerit,
327 1630 357 1670 ut
378 1633 407 1668 u.
420 1632 446 1685 g.
464 1616 638 1668 certaminum
661 1633 757 1685 genera
780 1617 930 1686 modosque

211 1705 271 1759 que,
292 1691 362 1758 apud
379 1688 541 1760 Virgilium,
557 1689 602 1742 lib.
616 1696 664 1754 50,
680 1704 883 1757 proponuntur,
898 1690 930 1743 in

144 1763 145 1766 ’
213 1763 313 1816 Carolo
329 1763 400 1816 libro
415 1762 512 1814 ultimo
530 1761 672 1821 imitetur3
691 1761 869 1816 narrationem
885 1761 929 1814 hi·

213 1834 352 1899 storicam,
370 1849 449 1904 quam
464 1834 509 1886 ille
527 1836 628 1888 duobus
643 1834 835 1903 consequenter
854 1833 931 1888 libris

213 1925 270 1962 non
291 1909 348 1961 sine
366 1907 469 1960 fastidio
487 1906 596 1969 inserit,
614 1906 703 1974 potiris
719 1924 767 1975 per
784 1908 868 1963 libror
886 1907 931 1962 di·

213 1981 287 2035 visor
308 1981 412 2049 spargat
431 1997 439 2039 l
465 1979 492 2030 δι
509 1979 547 2032 sic
565 1981 596 2032 de
616 1977 753 2048 reliquis3
778 1980 835 2034 haec
858 1980 932 2034 enlm

155 2084 159 2092 ·
214 2053 283 2106 ratio
295 2052 403 2106 virilem
414 2051 497 2120 magis
513 2051 693 2112 imitationem
709 2052 802 2106 reddit.

252 2125 336 2180 Porro
355 2123 479 2195 Magister
496 2123 731 2191 huiuoatristoliir
748 2125 863 2180 similem
881 2125 934 2180 ali·

214 2211 467 2272 quenrconceptum
482 2214 629 2268 perannua
645 2198 675 2252 in
687 2199 784 2252 scholis
799 2212 855 2252 rum
870 2197 935 2252 scri·

215 2271 311 2334 bendi,
327 2285 384 2324 turn
403 2273 564 2324 declamandi
589 2272 718 2326 exercicia
734 2271 883 2333 distribuet,
901 2286 934 2325 ur

216 2345 311 2414 quibus
333 2342 402 2414 pen'e
417 2361 497 2399 omne
515 2345 620 2399 dicendi
640 2362 723 2414 genur
742 2343 934 2413 complectetur

217 2419 245 2471 &
266 2433 385 2486 exponet
401 2457 409 2483 ,
424 2417 563 2488 solidoque
582 2419 659 2488 operi
677 2435 758 2488 quum
780 2417 854 2486 ipse,
875 2431 934 2470 cum

217 2491 339 2560 discipuli
355 2493 473 2547 lahorem
493 2492 647 2560 impendent
663 2531 670 2556 ,
697 2507 753 2544 nott
770 2490 936 2554 injucunde,

160 2591 163 2602 ·
218 2565 321 2617 sednec
338 2565 428 2617 inutili
446 2564 553 2624 studi03
570 2582 599 2618 ur
609 2563 733 2633 proxime
743 2563 853 2632 Virgilii
870 2563 935 2630 pol'-

218 2636 273 2690 sint
287 2637 405 2720 uestigiis
424 2637 561 2701 insistere,
579 2654 634 2706 quo
651 2653 706 2688 uno
726 2633 794 2688 nihil
814 2635 843 2686 in
858 2635 936 2690 omni

219 2708 297 2777 poesi
315 2724 388 2762 excat
408 2708 536 2762 divinius.

257 2781 286 2834 Si
304 2798 422 2852 quaeras,
441 2795 495 2847 quo
513 2777 591 2844 pacio
609 2776 696 2831 mimis
712 2792 805 2857 graver
820 2775 936 2832 heroum

180 2865 186 2877 ·
220 2853 338 2910 ustiones
364 2867 444 2924 queas
469 2851 617 2916 extollere,
637 2867 665 2905 ιι.
684 2865 713 2920 g
736 2846 868 2920 privitan
887 2849 936 2904 ιι
