2086 3652
195 263 240 330 m
385 235 716 311 Hssorcn

192 379 256 416 nam
275 357 300 414 si
312 376 373 416 cum
391 360 489 414 scelere
504 360 552 413 suo
567 360 675 430 punitus
692 359 795 414 exitum
813 360 912 416 babeat

193 451 323 505 poenam,
339 434 424 487 leiior
440 449 485 486 aut
499 434 629 502 spesiator
644 434 763 498 favebit,
779 452 809 488 ac
823 437 911 504 perti-

193 508 296 562 naciter
315 507 450 560 malitioso
469 507 663 576 indignabitur,
687 523 735 560 nec
755 509 827 560 illius
849 525 908 576 poe·

194 581 230 634 ni
246 581 412 651 corrigetur,
430 580 473 633 cui
488 581 515 634 se
535 598 620 650 neque
638 579 705 645 esse,
724 597 809 650 neque
829 581 909 634 simi-

194 657 249 708 lem
268 655 326 707 fore
344 655 518 707 arbitrabitur.

234 728 278 792 3⁹.
291 729 402 791 Statuo,
419 725 565 796 flagitiosam
575 728 687 778 antonem
697 727 768 795 felici
777 725 909 794 alliserant

194 801 283 858 exitu,
303 818 333 851 v.
352 818 378 869 g.
397 799 578 868 proditionem
597 839 604 863 ,
626 801 678 869 qud
704 801 755 852 sibi
777 800 909 869 quispiam

194 873 299 940 paravit
322 873 492 942 imperium,
519 872 583 925 lic'et
609 872 749 943 ingenios'e
777 888 909 941 repertam

195 947 410 1015 absolutamque,
425 948 541 1016 Epopoeies
553 949 670 1016 indignam
682 947 734 1014 effe.
749 947 823 998 Hanc
835 947 909 998 enim

195 1035 327 1072 exornate
348 1020 459 1076 dicendo
480 1019 677 1089 fingendoque,
698 1020 768 1071 aliud
789 1035 845 1070 non
866 1019 909 1070 es·

195 1091 254 1156 set,
274 1093 328 1145 uisi
344 1095 376 1144 ad
392 1093 460 1144 viria
478 1093 589 1160 pramio
606 1093 687 1145 etiam
704 1092 847 1160 proposito
871 1092 911 1143 iu·

196 1164 292 1218 vitare.
322 1165 426 1216 Etenim
455 1165 577 1234 quumvis
605 1165 751 1217 artificiosi
783 1179 909 1217 ornatum

198 1239 415 1305 completumque
435 1237 588 1288 ambitionis
605 1237 725 1300 facinus,
745 1237 859 1304 publici,
880 1253 911 1289 ut

196 1309 265 1376 sape
286 1310 374 1372 solet,
397 1309 477 1360 etiam
497 1310 561 1360 boni
585 1309 665 1360 titulo
691 1308 911 1373 cohonestatum,

197 1381 399 1434 admirationem
419 1381 445 1432 δι
463 1383 630 1448 voluptatem
650 1383 789 1448 quamdam
809 1383 911 1452 legenti

196 1455 285 1523 possit
300 1454 460 1516 conciliare,
475 1468 564 1504 tamen
578 1453 707 1515 ejusmodi
722 1454 774 1505 illae
790 1453 911 1508 affesiio-

196 1544 245 1580 nes
261 1528 313 1578 hoc
330 1529 392 1578 loco
410 1543 467 1578 non
483 1525 583 1588 essent,
607 1543 664 1594 quae
682 1528 714 1578 ad
732 1527 840 1580 virtutis
858 1529 909 1580 ho·

196 1598 356 1667 aestatisque
371 1615 489 1650 amorem
505 1599 677 1658 inducerent3
696 1602 768 1668 quod
780 1600 810 1651 in
824 1599 911 1654 nostra
982 1641 984 1647 f

196 1671 276 1740 poesi
292 1672 459 1741 speslandum
483 1671 538 1735 est,
558 1671 610 1723 nisi
632 1673 790 1741 praecipuam
809 1672 861 1742 ipsi
877 1691 912 1726 ex

198 1744 252 1797 fine
267 1745 422 1815 dignitatem
438 1747 585 1813 ademptam
603 1749 738 1798 volumus.

236 1820 304 1886 Quae
325 1835 407 1888 quum
422 1821 453 1870 ab
468 1819 572 1871 heroici
593 1819 716 1871 carminis
740 1818 912 1888 scriptoribus

200 1891 288 1944 mimis
304 1892 418 1960 expensa
433 1891 499 1942 olim
518 1891 634 1950 fuerint,
652 1892 772 1960 plerique
787 1886 845 1960 post
858 1895 912 1946 Ho-

200 1981 303 2016 merum
322 1964 350 2015 in
373 1964 477 2016 adiione
490 1964 569 2031 Epica
586 1979 641 2015 tam
659 1965 815 2034 deligenda,
833 1965 912 2034 quim

199 2051 248 2103 per
264 2035 386 2088 fiffiones
404 2037 555 2088 exornanda
570 2039 728 2090 aberrarunt.
741 2037 822 2090 Silius
840 2039 912 2092 enim

199 2107 307 2161 Italicus
328 2109 449 2178 quamvis
465 2109 587 2162 Maronis
608 2111 726 2163 summus
744 2127 913 2176 venerator,

198 2179 307 2250 jamque
323 2181 424 2234 maturi
442 2197 518 2235 aetate
540 2223 548 2246 ,
566 2182 622 2248 ejus
644 2185 784 2237 scribendo
802 2184 914 2255 vestigia

199 2253 335 2322 presserit,
352 2270 440 2307 tamen
456 2259 529 2324 quod
542 2257 658 2324 primum
672 2273 727 2310 erat
740 2253 915 2326 praecipuum--

200 2343 279 2394 que,
302 2327 331 2378 in
354 2343 510 2398 argumento
535 2329 711 2396 scriptionis,
736 2330 789 2382 und
812 2331 914 2384 scilicet

200 2398 305 2452 ustione
328 2401 453 2466 heroici,
482 2402 566 2472 longe
590 2420 604 2454 a
627 2403 740 2473 Virgilii
762 2403 913 2458 imitatione

200 2472 310 2526 deflexit
334 2493 341 2526 ι
368 2476 414 2544 qui
440 2475 535 2540 majori
563 2475 662 2543 judicio
689 2477 801 2529 Homeri
827 2479 858 2530 ei
885 2477 912 2530 in

201 2559 275 2614 parte
299 2547 409 2618 vestigia
433 2550 593 2602 observarat.
621 2548 694 2602 Male
718 2549 799 2618 igitur
825 2565 913 2602 totum

200 2619 299 2671 bellum
313 2621 442 2688 Epopoeid
457 2625 613 2688 complexus
628 2621 678 2683 est,
695 2623 738 2672 cui
753 2621 808 2672 sola
826 2623 911 2674 virtus

202 2692 336 2761 Scipionis
353 2695 390 2744 sar
408 2693 484 2760 digna
502 2692 553 2744 effe
569 2692 677 2744 materia
693 2707 806 2758 poterat.
821 2693 911 2744 Parem

200 2764 231 2816 in
248 2765 385 2833 scopulum
400 2765 439 2816 M.
455 2767 569 2815 Annaeus
580 2765 705 2815 Lucanus
723 2764 849 2833 impegit,
866 2765 911 2833 qui

201 2835 348 2894 felicissimi
379 2838 481 2906 ingenii
512 2850 589 2905 atque
613 2838 644 2889 ad
667 2836 794 2890 eximiam
816 2838 912 2907 poesin
