2076 3652
217 285 311 346 svn
339 288 394 345 rr
423 259 727 350 Sincorrrr'r.
786 261 842 378 lxi

88 392 165 449 'Alica
179 382 245 450 suum
258 401 348 452 fulsire
357 403 421 454 diem
431 402 484 454 sine
494 403 558 452 nube
566 403 673 454 serenum
684 438 698 465 ,-

90 493 244 562 Proscriptis
255 499 322 547 ccelo
330 499 424 549 nebulis
436 514 445 557 ς
458 498 503 548 sibi
514 498 599 549 Bruma
613 499 690 551 licere

91 589 173 642 Haud
183 591 311 658 quidquam
321 595 402 645 voluit
412 594 519 662 ,rigidas
529 595 599 644 exosa
611 595 706 660 pruinas
717 627 732 655 ,

91 686 248 753 Arctonque
259 687 328 739 nives
339 705 347 740 r
361 689 488 757 Zephyrus
499 691 604 741 borealia
616 691 700 758 redior¹

91 783 201 850 Sceptra
211 785 285 843 tulit,
296 785 412 853 flevitque
423 789 491 838 leves
500 786 649 840 moderatius
660 805 740 842 aurat.

90 878 150 933 Ver
164 881 222 930 anni
232 882 340 932 mensura
352 883 406 935 luit.
418 882 468 934 Pax
476 901 548 935 aurea
559 886 673 936 mundum

92 976 216 1028 Dotalem
225 979 305 1028 tenuit
316 995 325 1036 ;
336 979 443 1030 nondum
452 980 491 1028 sua
502 979 590 1044 spicula
601 979 702 1030 Mavors
712 1010 721 1040 ,

93 1072 151 1125 Nec
164 1073 243 1124 Pallas
253 1076 346 1142 galeam
356 1111 363 1137 ,
375 1091 421 1124 nec
431 1074 507 1125 sevos
517 1075 640 1125 Mulciber
651 1076 727 1143 ignes

95 1169 237 1222 intulerant
246 1168 347 1228 nolitis,
359 1169 467 1219 crudelia
479 1170 582 1220 Numina
592 1203 600 1230 ,
611 1169 676 1220 fatis.

94 1258 158 1316 Non
171 1267 289 1334 clypeus,
299 1281 348 1315 non
359 1265 424 1315 ensis
436 1278 502 1325 erat,
514 1283 560 1316 nec
571 1268 670 1317 vulnera
682 1265 806 1335 quisquam

97 1361 229 1424 Senserat,
240 1376 283 1413 aut
291 1362 376 1414 mediis
390 1365 463 1414 vitam
473 1365 620 1432 prodegerat
630 1365 712 1418 armis.

96 1459 123 1510 N
125 1477 161 1510 on
170 1458 247 1510 valvis
257 1459 347 1508 munita
357 1460 456 1522 domus,
468 1477 518 1511 non
528 1461 615 1528 oppida
626 1461 695 1512 vallis

98 1555 205 1615 emita,
215 1571 262 1606 nec
274 1555 381 1606 excubiae
392 1556 528 1615 insomnes,
542 1574 587 1606 nec
603 1557 715 1610 subdolus
727 1555 802 1610 hodie
839 1553 849 1560 ”

99 1653 186 1704 Notus
197 1665 270 1712 eratr
281 1653 322 1704 led
332 1665 384 1704 tura
395 1655 462 1720 quies
472 1655 608 1720 poffederat
621 1656 724 1706 orbem..

100 1751 208 1802 Nomina
219 1751 358 1800 morborum
372 1751 478 1800 nondum
490 1751 587 1818 vulgata
597 1787 605 1813 ,
615 1766 662 1800 nec
670 1750 734 1803 artis

101 1847 224 1900 inventor
233 1847 334 1904 medicae
345 1845 419 1898 ledes
430 1839 568 1898 distinxerat
582 1847 680 1898 herbas.

102 1943 180 1996 Nulla
193 1946 263 2004 lues,
275 1946 342 1994 nullo
354 1945 421 1996 dives
433 1942 536 1995 Libitina
550 1944 685 2012 sepulcro,

103 2042 162 2091 Nec
172 2039 398 2092 Rhadamanthaeam
408 2054 465 2091 tnnc
478 2039 601 2093 Gnossius
613 2042 709 2093 arbiter
714 2057 797 2094 urnam

105 2136 238 2193 Excussit,
250 2137 386 2199 trepidante
397 2138 453 2189 loro
465 2153 474 2190 ε
486 2155 532 2189 nec
545 2138 619 2189 Parca
629 2138 721 2190 referto

106 2235 216 2287 stamine
229 2233 333 2285 divulsos
346 2235 475 2299 abruperat
485 2235 594 2298 improba
605 2233 680 2284 fusos.

129 2377 186 2442 ‘Je
201 2401 353 2470 remarque
370 2382 439 2442 bien
457 2381 526 2442 dans
545 2379 653 2440 Milton
667 2379 709 2440 les
725 2379 853 2444 charmes

75 2539 84 2552 .
111 2487 150 2548 de
170 2485 249 2546 l’etat
268 2487 454 2546 d’innocence
469 2506 484 2556 ;¹
500 2484 570 2541 mais
589 2482 623 2541 ils
643 2479 671 2541 se
691 2480 854 2561 presentent

112 2590 179 2651 sous
196 2591 320 2668 d’au'tres
331 2588 428 2666 points
440 2585 478 2644 de
493 2604 561 2646 vue.
574 2581 707 2644 J’admire
724 2584 751 2644 le
773 2607 855 2654 mors
935 2628 938 2632 -

113 2717 185 2756 ceau
197 2696 238 2754 oit
254 2713 287 2753 ce
302 2690 392 2752 Pubre
408 2689 499 2751 de‘crit
511 2689 553 2750 les
570 2688 722 2770 souplelles
735 2689 774 2750 du
785 2690 854 2752 Ser-

113 2816 205 2879 pent,
221 2777 265 2860 ses
280 2795 468 2884 conferentes
483 2817 555 2856 avec
569 2795 652 2867 Ere,
669 2795 695 2856 la
705 2794 855 2857 confiance

116 2901 155 2964 dc
173 2902 287 2966 celle·ci
299 2945 314 2974 ‚.
330 2903 460 2982 l'empire
482 2900 586 2981 qu’elle
613 2917 661 2961 eut
680 2898 729 2960 sur.
746 2899 792 2960 les¹
809 2902 855 2970 ine
