2086 3652
317 249 598 326 Ponsrn
767 269 807 346 μ

93 364 182 420 torius
198 366 245 420 iste
261 369 432 440 extritansque
444 385 568 422 numerus
581 369 624 422 hic
637 367 700 426 titii
710 369 807 433 habet.
917 413 922 438 p

95 441 141 493 sed
157 457 240 507 quum
257 456 313 492 rem
332 442 454 512 depingat
469 441 602 504 similem,
622 440 651 492 in
667 442 810 494 virtutibus

96 526 258 566 numeratur.
268 513 418 580 Quamvim
426 514 659 583 scribendi,quunt
669 514 809 582 aliquando

96 586 209 648 deceat,
227 600 271 638 aut
281 587 403 641 -anirifice
418 601 513 650 ornet,
530 603 616 656 neque
625 585 757 656 Virgilius
775 587 810 638 ob

97 657 259 711 severiorem
275 675 394 714 naturam
412 661 513 716 secutus
525 659 561 714 sit
568 676 676 729 ,operae
694 658 810 728 pretium

96 730 178 784 fuerit
195 731 284 800 paucis
299 731 455 787 observaffe.

133 804 304 873 Pracipua
282 823 339 871 eius
359 807 388 859 in
406 805 548 870 membris,
565 804 703 859 sententiis
719 821 748 858 ac
765 821 809 874 pe·

95 873 196 940 nodis,
214 880 246 930 ad
266 893 353 932 certos
369 896 494 932 numeros
515 879 646 932 formandi
668 877 737 929 ratio
749 894 811 929 con-

96 947 171 1003 sistit.
188 915 327 1003 Familiare
343 951 416 1004 enim
439 950 584 1003 Claudiano
602 949 638 1001 est
655 949 744 1001 caesim
766 951 812 1000 seu

95 1021 207 1075 minutis
230 1022 364 1076 incedere
373 1023 517 1085 membris
533 1022 630 1090 illaque
645 1023 691 1073 vel
709 1021 811 1072 duobus

96 1093 251 1162 pedibus&
270 1095 389 1159 casuri,
406 1097 451 1148 vel
469 1092 540 1147 cette
564 1093 671 1162 dadylo
691 1092 812 1160 (casura

95 1181 287 1253 nonnunquam
301 1167 409 1235 additi)
427 1167 587 1231 terminate,
616 1179 646 1218 ut
662 1164 748 1218 statim
769 1165 813 1217 hic

94 1237 125 1292 in
144 1241 228 1294 tribus
243 1240 338 1310 ptiinis
351 1242 420 1295 vers.
437 1241 541 1310 liquet,
560 1255 589 1294 ac
604 1235 697 1292 deinde
711 1239 812 1306 repeti·

96 1324 162 1372 tur,
181 1317 254 1384 quod
273 1331 354 1382 quum
374 1314 454 1368 etiam
471 1328 544 1367 certo
559 1313 702 1366 verborum
717 1313 749 1363 ad
764 1326 810 1362 nu-

95 1401 200 1440 merum
215 1387 317 1440 delectu
334 1387 454 1457 praestet,
471 1385 571 1440 necesse
582 1385 619 1438 eli
635 1386 730 1438 eodem
742 1384 814 1450 saepe

96 1472 176 1511 cantu
190 1461 266 1511 velut
284 1461 396 1512 exadtint
411 1461 483 1513 ferri.
504 1458 636 1530 Virgilius
654 1471 757 1520 antem,
776 1455 812 1507 li·

95 1544 138 1582 cet
157 1531 252 1582 iisdem
268 1545 392 1599 tanquam
408 1531 613 1602 elegantioribus
630 1529 746 1583 numetis
770 1527 810 1580 in·

95 1601 168 1654 sistat
192 1601 326 1666 crebrius,
344 1617 432 1656 tamen
455 1605 564 1670 sapev
545 1603 654 1662 varians
674 1619 722 1656 nec
747 1600 812 1652 reli·

95 1671 174 1742 gioni
189 1671 241 1724 sibi
255 1673 343 1736 ducit,
361 1691 471 1742 quoquo
487 1674 611 1726 carminis
628 1675 713 1732 loco,
730 1673 811 1724 etiam

96 1743 194 1811 absque
219 1743 314 1795 casuri
335 1711 452 1797 incidere
478 1745 648 1801 membrum
669 1743 700 1794 ed
723 1751 821 1795 tarnen‘

94 1816 171 1886 lege,
187 1829 236 1878 ιιι,
258 1817 303 1868 vel
322 1833 442 1881 morant,
457 1818 502 1870 vel
513 1828 750 1884 praecipitationem
763 1814 813 1866 ali-

94 1905 177 1974 quant
192 1854 301 1942 siriinl
292 1905 322 1941 ιιι
341 1891 417 1942 rebus
432 1855 484 1944 iroc
499 1888 577 1958 padio
598 1885 713 1950 indicet,
725 1899 754 1939 ut
769 1885 814 1938 id-

94 1961 169 2016 circo
186 1963 258 2030 quod
274 1977 372 2024 vntum
381 1961 589 2030 imperitioribus
606 1959 692 2015 videri
708 1958 811 2028 possit,

94 2035 182 2088 virtus
205 2034 350 2086 habeatur·
345 2070 353 2096 ‚
369 2035 420 2104 qud
446 2035 550 2088 ratione
577 2031 705 2097 maiorem
729 2031 810 2084 etiam

94 2105 207 2160 carmini
219 2123 255 2158 ex
270 2107 397 2162 varietate
413 2108 538 2162 conciliat
553 2107 671 2176 gratiam.
688 2107 728 2160 Ita
739 2105 824 2175 quod¹

95 2179 257 2232 Claudianus
272 2179 446 2248 repudiaffet‚
464 2196 498 2233 ιο
514 2179 621 2232 AEneid.
633 2178 697 2232 dicit
713 2196 722 2232 ι

94 2271 173 2326 Tollit
182 2272 205 2324 se
214 2271 325 2324 arrestum
335 2271 481 2338 quadrupes,
492 2271 518 2322 dc
527 2269 630 2322 calcibus
640 2281 706 2320 auras

95 2357 248 2413 Verberat...

96 2458 130 2512 Et
147 2458 244 2514 iterum
262 2473 292 2512 ιι
314 2455 419 2513 AEneid.

95 2552 203 2606 Insultans
212 2552 316 2618 sonipes,
328 2552 352 2604 δι
364 2550 447 2619 pressis
457 2559 542 2618 pugnat
549 2547 643 2601 habenis

97 2637 151 2692 iiic
161 2639 273 2692 obversus
283 2640 308 2690 δι
319 2641 403 2693 ιιι...

134 2752 263 2810 Potuiffet
281 2753 359 2808 Maro
383 2733 488 2818 dicere,
504 2752 611 2805 Tollitur
631 2747 730 2804 anino
750 2767 809 2821 pua-

97 2829 203 2904 lupa,-
220 2827 266 2882 {ed
281 2840 406 2883 conatum
424 2824 488 2897 equi
505 2823 811 2962 austanctiaiiexprinere
