2086 3652
291 251 610 322 ·Porsrn.
761 269 810 350 ῃ

99 369 342 442 bra,periodosque
359 375 391 426 ad
404 389 439 439 4,
458 373 521 441 „6
534 371 721 438 ,7‚'tarii1s8
743 374 805 440 &9
882 375 890 381 “

99 446 200 499 versum
218 446 359 498 extendit:
378 460 408 498 ut
432 445 544 515 proinde
569 447 695 514 quantum
719 463 810 501 orator

98 519 128 571 ab
143 517 287 583 historico,
309 517 411 570 tantirm
437 520 468 571 ab
494 517 690 589 Elegiographo
713 519 811 588 Epicus

98 590 228 660 scriptor,
248 591 380 647 dissideat.
402 593 445 656 3⁰.
465 592 571 661 Figurae
599 594 684 646 nullas
704 591 811 654 excludi

98 665 187 733 gaudet
197 683 207 738 ς,
223 664 302 717 etiam
318 663 486 730 illustriores,
499 680 588 717 tamen
599 681 648 728 eo,
663 683 717 736 quo
735 664 809 735 prius

96 736 262 801 monuimus,
279 737 437 790 discrimine.
453 747 495 801 40.
508 739 599 806 Quum
608 738 664 791 haec
677 739 768 807 poesis
779 737 809 792 in

95 811 167 861 omni
185 827 281 880 genere
295 807 398 864 dicendi
413 811 549 874 versetur,
561 826 692 876 exornet,
708 811 808 864 delibe÷

95 896 284 952 ret,‚ar.guat,
309 898 410 934 morata
437 900 494 936 non
523 882 611 934 minuis
632 883 688 946 sit,
711 886 722 951 (
734 882 816 947 cujus,

94 953 181 1020 estio,
198 959 243 1008 vel
266 956 353 1008 sermo
371 955 470 1007 indicat
490 953 574 1008 animi
595 955 706 1021 mores)
730 953 810 1023 quim

51 1021 53 1028 ’
94 1026 157 1094 pur'e
167 1021 330 1096 speculativa
345 1045 354 1086 3
370 1027 446 1080 omni
461 1030 534 1079 cultu
551 1026 651 1088 itaerit
662 1026 810 1092 varianda,

94 1113 122 1151 ur
140 1101 162 1154 si
178 1102 289 1164 doceat,
312 1101 460 1164 consultet,
479 1115 567 1152 mores
585 1097 733 1164 describat,
751 1115 811 1151 ma-

93 1171 132 1240 gis
149 1172 229 1227 obvia
252 1171 434 1237 consestentr,
452 1171 646 1240 sententiasque
671 1171 809 1243 gnomicas

92 1243 153 1298 viro
171 1247 288 1316 sapiente
300 1247 413 1316 dignas,
432 1259 557 1315 tanquam
571 1245 673 1301 lumina
690 1246 811 1316 quedam

91 1316 168 1381 hujus
194 1319 344 1384 orationis,
364 1319 500 1372 interserat
527 1339 534 1373 ε
559 1317 588 1370 in
616 1318 710 1372 ceteris
741 1316 810 1372 vero

90 1390 206 1444 disiione
225 1391 366 1453 {illustriori
387 1389 518 1446 efferatur.
545 1393 587 1458 5⁰.
611 1391 692 1460 Epica
716 1391 812 1458 poesis

90 1480 140 1531 pro
167 1459 296 1516 suariitare
330 1463 489 1530 majestatem
520 1463 651 1532 imprimis
681 1463 808 1532 spesiat,

90 1537 205 1604 ideoque
226 1535 363 1604 gravitatis
378 1536 462 1588 studio
484 1537 590 1589 subinde
611 1554 658 1604 per
679 1537 808 1588 elisiones

90 1625 148 1659 non
165 1605 267 1674 ingrate
288 1608 389 1671 haret,
407 1609 573 1676 numerisque
591 1625 662 1660 minc
679 1609 810 1662 volubili·

89 1682 155 1739 bus,
166 1691 237 1729 nune
250 1679 386 1730 retardatis
397 1679 450 1731 hoc
461 1679 514 1747 agit
524 1718 532 1741 ‚
544 1694 574 1731 ut
583 1680 623 1730 rei
643 1683 808 1747 exponendae
840 1693 842 1695 ’

89 1764 212 1802 naturam
221 1749 358 1814 imitetur.
375 1750 462 1804 Mirus
475 1749 553 1816 hujus
565 1751 604 1803 rei
618 1766 678 1804 ante
690 1751 758 1804 alios
769 1769 810 1803 ar·

88 1823 159 1876 tifex
169 1821 318 1892 Virgilius,
331 1837 362 1876 ut
372 1822 448 1876 facile
465 1841 501 1878 ex
511 1823 627 1878 adduciis
639 1823 702 1878 alibi
712 1840 809 1888 exem·¹¹

88 1895 144 1966 plis
164 1895 259 1966 liquet.
278 1895 322 1950 Sic
342 1896 458 1952 Ovidius
475 1896 618 1968 loquitur:
658 1941 663 1952 .

88 1984 273 2058 Quadrupedes,'
284 1991 343 2044 inter
354 1991 427 2060 rapidi
438 1994 562 2046 certamina
572 1991 671 2057 cursor,

120 2075 271 2147 Depexaeque
282 2078 353 2146 jube,
364 2079 488 2148 plausaque
499 2082 559 2134 eolla
570 2080 686 2146 juvant...-

87 2155 240 2219 Siveseritir
250 2166 303 2232 equi
314 2166 417 2218 lusianria
428 2166 491 2218 colla
500 2179 620 2234 retorques
632 2205 641 2232 ,

119 2251 210 2320 Exiguo
221 2253 295 2306 flexos
307 2255 379 2307 miror
390 2254 412 2304 in
423 2253 480 2306 orbe
490 2253 561 2321 pedes
563 2290 611 2308 .....

86 2339 134 2394 Seu
147 2341 283 2407 resiaiuyet
294 2341 327 2394 ire
338 2341 393 2398 via,
405 2341 470 2394 volat
480 2341 518 2394 ille
529 2343 609 2394 citatus
621 2357 631 2398 ς

118 2429 214 2498 Vixque
224 2444 284 2500 opus
295 2431 372 2484 emiffo
382 2429 479 2484 subdere
488 2429 566 2483 calcar
574 2444 648 2498 equo.

123 2545 221 2615 Epirus
239 2558 320 2618 poeta
335 2561 365 2598 ut
382 2545 438 2598 haec
454 2544 537 2614 magis
556 2546 668 2598 extollat
682 2544 807 2604 illustret-

86 2637 140 2688 que
151 2659 163 2683 ,
176 2619 206 2671 in
216 2619 305 2687 equite
316 2633 393 2686 atque
409 2635 480 2687 equo
495 2635 542 2686 per
558 2617 603 2670 sua
617 2618 735 2683 adjunsia
745 2625 805 2681 des·

84 2691 213 2744 cribendo
229 2691 410 2760 exemplisque
428 2693 573 2744 diducendo
583 2691 666 2762 magis
675 2689 807 2754 haerebit>

84 2779 132 2817 aut
157 2763 229 2818 cert'e
253 2764 358 2817 elatiori
380 2781 437 2818 rem
451 2766 569 2817 eamdem
592 2765 680 2834 phrasi
700 2767 803 2826 efferet.

84 2837 250 2892 Claudianus
262 2837 291 2891 in
303 2837 412 2894 Consul.
427 2854 446 2903 4
461 2837 578 2893 Honorii
592 2837 715 2963 sicganit
729 2857 737 2893 r
788 2847 809 2878 ’-
