2086 3652
332 288 622 362 Ponere
782 240 864 390 Q*

153 407 298 467 Horatium
313 409 402 481 itaque
419 425 479 465 ante
495 411 652 467 iuvenalem
669 408 699 466 in
716 428 751 467 eo
772 415 837 483 qui·

116 486 179 540 dem
193 487 294 547 habeo,
316 485 387 553 qudd
400 487 502 537 urbano
519 484 602 553 magis
618 486 670 537 sale
680 485 835 540 orationem

116 557 256 626 asperserit
272 556 379 612 festivus
396 557 496 610 derisor
511 575 520 617 ς
536 557 581 610 sed
595 573 677 625 quum
695 557 760 610 illud
776 575 839 612 non

117 629 179 683 rard
200 631 226 684 dt
243 647 353 683 numero
367 630 509 694 erectiori,
527 631 553 682 δι
568 630 655 684 minias
672 630 754 684 etiarn
767 648 835 699 pro·

117 701 197 766 triti,
216 701 300 756 ruodo
313 703 416 755 tantiam
431 702 586 771 perspicui,
597 703 687 771 phrasi
703 702 763 755 fieri
775 704 839 772 pos·

117 774 171 839 sit,
190 792 324 845 quumque
338 776 419 827 etiam
434 776 547 828 ridiculo
564 775 700 828 admisceri
712 793 835 828 nonnun-

117 864 196 916 quam
214 849 301 916 possit
312 849 482 916 reprehensio
494 848 597 911 acrior,
609 849 766 901 iuvenalem
784 850 839 901 hac

118 919 147 972 iu
164 935 237 988 parte
252 921 366 972 Horatio
385 921 506 989 praefero.
522 920 659 982 Persium,
676 920 740 971 licet
757 933 839 986 grato

118 995 277 1061 quandoque
291 993 395 1044 auribus
410 994 555 1044 verborum
564 992 632 1043 sono
641 990 815 1058 aliurgemem
825 1029 840 1054 ,

118 1065 242 1118 tetricum
256 1080 361 1126 tamen,
376 1065 516 1126 severum,
534 1077 613 1131 atque
627 1062 697 1113 inter
712 1061 840 1114 obscuras
917 1065 927 1076 ⁴

119 1138 226 1190 nebulas
248 1137 396 1189 latitantem
417 1135 554 1188 censorem
571 1133 728 1197 vitiorum,
741 1132 842 1187 ceteris

118 1209 288 1278 posthabebo.
412 1247 414 1250 -
853 1268 857 1272 ,

156 1282 262 1334 Etenim
281 1281 460 1334 declinandam
479 1282 505 1334 dt
523 1256 736 1347 abiediionem
708 1276 859 1344 mutiam„

68 1366 71 1373 '
120 1355 206 1423 qualis
216 1353 344 1407 subinde
336 1371 365 1406 ιιι
380 1355 431 1406 hoc
444 1371 539 1425 genere
555 1353 592 1407 est
601 1352 724 1416 Horatii,
736 1353 762 1404 ὰ
772 1349 838 1420 qua'·

119 1427 155 1479 hs
164 1427 200 1478 est
211 1427 311 1490 Persii,
322 1442 455 1480 uunorem
465 1429 616 1496 ,exemplo
624 1425 741 1495 primum
751 1423 841 1476 ohvto

120 1501 274 1551 doceamus.
293 1497 337 1552 Sic
357 1501 452 1554 Horat.
474 1497 840 1584 Sat.1,votasedlantee
879 1503 888 1521 '

120 1569 232 1638 carpit:

122 1661 210 1712 Cetera
221 1658 251 1710 de
261 1673 345 1726 genere
355 1663 418 1720 hoc,
427 1660 487 1712 adeo
497 1660 545 1712 sunt
554 1661 645 1712 multa!
658 1661 783 1728 loquacem

123 1745 241 1798 Delallate
251 1745 331 1798 valent
338 1745 441 1798 Fabium.
451 1746 488 1798 Ne
498 1757 521 1798 te
531 1761 621 1808 morer,
632 1747 685 1798 audi

124 1833 185 1901 Qud
196 1843 245 1885 retu
256 1831 379 1884 deducam.
390 1831 411 1883 si
421 1833 471 1898 quis
482 1831 565 1896 Deus,
576 1834 611 1884 En
624 1847 670 1899 ego
680 1867 687 1893 ‚
697 1833 775 1891 ditat.

122 1920 174 1977 lam
185 1919 270 1973 saciant
280 1957 288 1982 ,
298 1917 362 1987 quod
373 1919 442 1972 vultis
454 1933 463 1977 ι
475 1921 519 1973 eris
529 1933 573 1982 tu,
583 1922 622 1989 qui
632 1920 705 1974 niodo
714 1921 796 1986 miles,

122 2009 264 2067 Mercatot3
275 2019 300 2060 tu
311 2009 424 2062 consultus
435 2008 526 2073 nodo,
537 2008 632 2062 runicus
643 2027 653 2068 ,·
663 2009 716 2062 lu'nc
726 2023 790 2075 vos,
833 1995 835 2006 '

123 2097 236 2150 Voshiut
247 2099 337 2148 mutatis
347 2097 454 2150 discedite
462 2096 573 2164 partibus.
581 2095 642 2161 Eia,

125 2184 191 2254 Quid
202 2183 261 2236 litut
274 2184 284 2234 l
297 2184 405 2239 nolimu..

162 2273 297 2344 Quicquid
315 2275 359 2326 hie
381 2291 398 2326 a
422 2273 537 2326 secundo
560 2272 728 2328 hemistichio
754 2275 842 2329 duit
830 2313 845 2342 ,

65 2367 70 2377 ⁴
125 2345 201 2414 juxta
219 2348 264 2400 sua
282 2347 364 2400 incisa
381 2346 601 2416 pronuntiatum,
614 2346 665 2398 vix
680 2365 695 2399 a
709 2348 769 2400 solo
792 2366 845 2402 au

125 2420 215 2473 diente
233 2436 338 2472 carmen
352 2418 403 2473 effe
417 2417 597 2487 intelligetut3
609 2418 646 2470 ita
662 2419 729 2470 nihil
744 2436 844 2487 pratea

126 2491 257 2546 orationis
274 2493 366 2545 solutae
384 2491 499 2560 stylum,
514 2489 594 2542 etiam
614 2489 643 2540 in
664 2490 731 2559 ipsis
748 2492 844 2546 obser·

127 2565 214 2618 vahile
227 2565 345 2618 numeris
364 2565 456 2618 adfert.
479 2563 553 2628 Quid
571 2561 652 2632 igitur
670 2579 730 2632 pars
746 2563 802 2617 hec
823 2582 842 2620 a

126 2638 216 2691 libere
227 2637 352 2691 dictionis
367 2639 461 2706 Satyra
469 2635 601 2690 diversum
612 2636 722 2699 habeat,
737 2651 767 2690 ut
777 2653 843 2689 ont-

126 2711 195 2836 1uiisuo
179 2725 353 2836 diffitear,
371 2711 490 2764 nondum
509 2708 571 2762 satit
591 2707 842 2778 dispicioduvena·

273 2797 303 2838 t:

127 2875 203 2930 Tanta
211 2876 355 2944 querelarum
366 2875 496 2941 noles=,ut
504 2868 689 2942 solaloqtu'cetn
